1973 3570
256 239 357 288 DE
409 236 688 289 FLUXU
739 239 842 288 ET
896 238 1302 287 REFLUXU
1353 241 1624 293 MARIS.

114 338 233 380 fluxus
257 342 395 379 habent
419 341 651 379 incrementa
670 341 710 379 in
737 341 941 379 noviluniis
958 343 995 379 &
1017 341 1246 392 pleniluniis,
1275 341 1393 394 magis
1416 354 1529 391 quam
1551 345 1591 381 in
1615 330 1728 385 climi-

111 396 207 438 diis;
235 399 390 446 quintus
414 407 541 434 motus
565 396 755 443 semestris,
786 409 849 446 per
869 407 983 444 quem
1007 396 1125 433 fluxus
1140 396 1278 434 habent
1303 397 1536 436 incrementa
1561 401 1725 441 auffiora

112 453 151 489 ὅ(
175 450 333 502 insignia
352 454 392 488 in
407 451 665 500 aequinoctiis.
724 451 854 500 Atque
878 451 925 487 dc
941 449 1105 489 seeundo
1125 453 1195 489 illo
1211 462 1322 489 motu
1342 464 1484 502 magno
1499 451 1631 491 oceani
1657 456 1728 493 sex·-

111 506 266 544 horario
284 505 354 545 sive
369 508 521 554 diurno,
550 507 662 543 nobis
685 508 724 543 in
741 506 945 556 praesentia
966 505 1090 543 sermo
1105 506 1153 543 est
1173 508 1371 558 praecipue
1387 510 1422 545 &
1438 520 1481 546 ex
1497 508 1724 558 intentione,

110 556 158 599 de
177 563 330 611 reliquis
353 561 599 599 solummodo
624 563 663 598 in
682 559 836 599 transitu
856 563 891 598 ὅ(
916 571 1098 609 quatenus
1122 561 1259 599 faciant
1281 562 1324 599 ad
1346 562 1497 608 hujusce
1515 574 1642 600 motus
1666 577 1722 603 ex-

109 617 367 665 plicationem.
425 618 556 654 Primo
572 617 686 662 igitur
702 616 806 665 quod
821 616 866 653 ad
884 626 1034 653 motum
1050 618 1284 654 currentium
1300 619 1448 664 attinet,
1470 619 1628 657 dubium
1644 632 1726 658 non

110 670 160 709 est
184 674 278 721 quin
307 684 378 722 pro
397 683 446 708 eo
474 684 514 708 ac
543 683 659 720 aquae
685 672 744 708 vel
771 672 817 708 ab
845 671 1017 720 angustiis
1045 682 1283 723 premuntur,
1322 675 1379 709 vel
1407 686 1427 710 a
1452 673 1577 711 liberis
1604 674 1727 723 spatiis

108 727 289 774 laxantur,
319 728 379 765 vel
403 728 443 764 in
459 728 575 775 magis
598 727 755 763 declivia
774 725 964 772 festinant,
995 738 1036 763 ae
1058 727 1174 764 veluti
1198 726 1457 774 effunduntur,
1487 730 1546 765 vel
1569 727 1608 766 in
1632 732 1723 767 cmi-

108 783 286 819 nentiora
307 783 504 819 incurrunt
531 794 569 818 a:
594 781 830 827 inscendam,
860 783 918 819 vel
945 781 1068 818 fundo
1102 782 1279 820 labuntur
1307 784 1504 831 aequabili,
1535 785 1593 822 vel
1614 783 1723 823 fundi

109 835 217 874 sulcis
234 839 271 874 ὃ(
285 836 611 886 inaeqursizatibus
633 837 909 886 perturbantur,
938 837 996 874 vel
1016 838 1055 874 in
1071 838 1164 874 alios
1184 848 1376 875 currentes
1395 839 1582 886 incidunt,
1611 850 1724 889 atque

106 903 197 930 eum
219 893 295 929 illis
311 891 346 929 se
371 895 528 929 miscent
545 895 581 929 ὅ(
603 893 900 940 compatiuntur,
932 893 989 929 vel
1014 894 1128 929 ctiam
1150 905 1169 929 a
1192 895 1312 930 ventis
1336 895 1536 942 agitantur,
1563 889 1723 946 praeser-

106 947 181 985 tim
194 946 450 985 anniversariis
475 945 545 985 five
559 947 723 993 statariis,
754 948 818 995 qui
836 946 901 983 sub
926 948 1015 983 anni
1032 958 1148 984 certas
1163 947 1395 999 tempestates
1414 949 1584 996 redeunt,
1614 958 1724 998 aquas

106 1014 151 1039 ex
165 1001 223 1039 his
243 1004 281 1040 ὅ(
303 1000 483 1040 similibus
506 1000 618 1039 causis
633 1004 796 1053 impetus
817 1004 853 1038 ὅ(
874 1002 1040 1050 gurgites
1062 1002 1146 1040 suos
1166 1005 1317 1050 variare,
1347 1014 1424 1041 tam
1448 1004 1720 1043 consecutione

104 1055 215 1109 ipsius
232 1068 359 1095 motus
376 1069 487 1106 atque
511 1058 665 1101 latione,
695 1068 809 1105 quam
832 1057 1032 1094 velocitate
1048 1055 1118 1095 five
1143 1058 1315 1095 mensura
1337 1069 1474 1106 motus,
1504 1070 1615 1109 atque
1631 1061 1721 1098 inde

105 1112 329 1150 constituere
357 1125 421 1150 eos
437 1124 533 1161 quos
552 1123 689 1150 vocant
714 1120 915 1148 currentes.
973 1112 1102 1160 Itaque
1129 1114 1168 1149 in
1189 1114 1352 1150 maribus
1376 1124 1459 1151 tum
1483 1115 1722 1166 profunditas

104 1165 219 1204 fossae
241 1165 314 1206 five
342 1169 492 1213 canalis,
530 1178 643 1215 atque
667 1164 905 1217 interpositae
933 1169 1133 1215 voragines
1159 1170 1196 1204 ὅ(
1221 1180 1328 1219 rupes
1354 1168 1600 1216 submarinae,
1636 1181 1721 1208 tum

103 1223 303 1259 curvitates
326 1224 513 1267 littorum,
544 1225 778 1259 &terrarum
801 1222 1094 1270 prominentiac',
1123 1217 1230 1269 finus,
1260 1223 1394 1269 fauces,
1423 1221 1563 1261 insulae
1583 1222 1713 1262 multis

102 1274 230 1313 modis
253 1278 409 1323 locatae,
439 1279 476 1314 &
503 1274 646 1322 similia,
675 1278 838 1328 plurima
863 1276 1025 1325 possunt,
1063 1287 1174 1325 atque
1195 1288 1310 1326 agunt
1338 1278 1489 1327 prorsus
1512 1291 1635 1327 aquas,
1664 1293 1720 1317 ea-

102 1332 263 1380 iumque
284 1342 427 1370 meatus
450 1334 487 1369 &
512 1333 678 1381 gurgites
701 1330 740 1368 in
765 1343 900 1368 omnes
925 1342 1059 1382 partes,
1089 1334 1125 1369 ὅ(
1151 1331 1272 1370 versus
1297 1332 1498 1381 orientem,
1537 1337 1572 1371 ὅ(
1597 1335 1721 1373 versus

99 1386 353 1434 occidentem,
382 1385 543 1425 austrum
566 1386 690 1424 versus
709 1384 878 1423 similiter
903 1389 939 1424 ὅ(
965 1386 1251 1439 septentriones,
1280 1398 1392 1437 atque
1412 1389 1719 1438 quaquaversum,

100 1452 216 1492 prout
241 1443 369 1480 obices
394 1441 451 1480 illi
474 1452 537 1479 aut
565 1443 679 1494 spatia
702 1442 818 1478 libera
839 1444 876 1478 δε
898 1442 1055 1480 declivia
1069 1440 1131 1480 sita
1155 1440 1225 1480 lint
1245 1445 1282 1481 ὅ(
1305 1442 1467 1482 invicem
1484 1444 1720 1495 configuren-

99 1497 174 1534 tur.
232 1499 454 1547 Segregetur
482 1499 596 1547 igitur
615 1506 744 1534 motus
765 1495 827 1533 iste
849 1509 1029 1545 aquatum
1050 1499 1292 1547 particularis,
1329 1502 1367 1538 &
1391 1497 1490 1548 quasi
1518 1499 1711 1548 fortuitus,

99 1554 150 1590 ne
163 1552 263 1590 forte
280 1553 344 1590 ille
359 1554 400 1590 in
416 1551 670 1601 inquisitione,
700 1563 813 1601 quam
829 1551 1103 1601 prosequimur,
1133 1553 1324 1590 obturbet.
1381 1555 1594 1592 Neminem
1610 1557 1717 1593 enim

100 1619 166 1658 pat
181 1607 230 1645 est
244 1608 468 1645 constituere
494 1610 531 1645 ὃς
550 1608 709 1645 fundare
735 1607 1028 1656 abnegationem
1048 1619 1197 1655 eorum,
1226 1620 1320 1657 quae
1349 1620 1446 1654 mox*
1466 1609 1640 1648 dicentur
1672 1610 1720 1649 de

98 1663 269 1700 motibus
296 1665 428 1701 oceani
453 1665 683 1700 naturalibus
709 1665 746 1700 &
770 1661 974 1710 catholicis,
1011 1663 1247 1715 opponendo
1266 1668 1419 1702 morum
1438 1662 1545 1702 istum
1568 1678 1717 1703 curren-

98 1720 211 1765 tium,
239 1718 357 1756 veluti
379 1730 468 1756 cum
493 1717 654 1755 thesibus
680 1719 754 1754 illis
770 1718 931 1754 minime
955 1719 1262 1756 convenientem.
1319 1720 1415 1757 Sunt
1438 1720 1544 1757 enirn
1568 1732 1717 1759 curren-

97 1783 154 1810 tes
177 1785 302 1810 merae
327 1769 626 1823 eompressiones
649 1785 842 1822 aquarum,
871 1779 934 1810 aur
955 1773 1199 1810 liberationes
1223 1786 1244 1811 a
1266 1772 1567 1824 eompressioiie:
1607 1777 1716 1814 Sunt-

98 1840 186 1877 que,
225 1839 268 1866 ut
290 1829 463 1875 diximus,
493 1830 731 1878 particulares
754 1830 792 1865 &
818 1827 1021 1877 respeffivi‚
1051 1839 1165 1878 prout
1184 1829 1359 1868 locantur
1383 1842 1498 1879 aquae
1523 1829 1560 1868 ὃς
1582 1841 1716 1878 terrae,

98 1886 163 1921 a'ut
182 1885 299 1921 etiam
322 1885 551 1922 incumbunt
576 1885 692 1921 venti.
749 1882 880 1932 Atque
900 1883 974 1921 hoe
993 1884 1098 1932 quod
1123 1883 1284 1922 diximus
1308 1897 1356 1922 eo
1381 1887 1501 1935 magis
1525 1888 1714 1924 memoria

97 1938 310 1976 tenendum
332 1937 393 1985 est,
423 1950 534 1988 atque
550 1939 754 1989 diligenter
777 1939 1064 1987 advertendum,
1094 1941 1183 1986 quia
1197 1950 1325 1977 motus
1350 1942 1414 1977 ille
1430 1941 1646 1979 universalis
1671 1954 1712 1978 ο-

96 1995 215 2040 ceam,
244 1993 292 2030 dc
306 2006 384 2042 quo
401 2006 503 2032 nunc
518 1993 649 2044 agitur,
679 1995 774 2031 adeo
789 1994 893 2030 mitis
909 1992 958 2031 est
978 1996 1015 2032 ὃ(
1031 1995 1171 2041 mollis,
1201 2006 1242 2033 ut
1258 2009 1278 2033 a
1294 1994 1615 2045 compulsionibus
1631 2008 1712 2034 cur-

95 2050 265 2086 rentium
290 2051 456 2087 omnino
479 2050 669 2096 dometur,
698 2052 735 2086 &
759 2051 800 2086 in
816 2048 991 2087 ordinem
1015 2050 1217 2099 redigatur,
1246 2051 1428 2100 cedatque
1449 2053 1486 2088 &
1505 2052 1551 2088 ad
1576 2063 1713 2089 eorum

95 2102 318 2142 violentiam
348 2114 476 2154 agatur
505 2107 542 2142 ὅ(
574 2116 732 2154 regatur.
789 2104 832 2141 Id
859 2113 989 2142 autem
1017 2106 1069 2142 ita
1100 2105 1137 2143 se
1165 2105 1301 2143 habere
1331 2118 1375 2143 ex
1400 2118 1448 2143 eo
1474 2106 1712 2158 perspicuum

95 2159 148 2196 est
165 2160 224 2198 vel
244 2161 420 2206 maxime,
448 2160 553 2208 quod
579 2170 705 2197 motus
728 2157 881 2209 simplex
904 2159 1023 2197 fluxus
1039 2163 1076 2198 &
1101 2161 1260 2198 refluxus
1289 2164 1410 2209 maris
1426 2164 1467 2198 in
1490 2162 1611 2210 pelagi
1634 2173 1710 2198 me-

95 2214 175 2261 dio,
203 2213 420 2264 praesertim
437 2228 502 2264 per
522 2217 639 2252 maria
662 2216 734 2252 lata
751 2217 787 2252 &
803 2216 1020 2264 exporre&a
1034 2228 1116 2253 non
1133 2214 1323 2262 sentiatur,
1352 2215 1412 2253 sed
1429 2217 1473 2253 ad
1490 2218 1617 2253 littora
1632 2226 1711 2253 tan-

95 2279 193 2307 tum.
239 2270 378 2318 ⁴Itaque
402 2271 498 2307 nihil
514 2272 655 2307 mirum
678 2267 705 2306 si
727 2269 794 2307 sub
818 2271 1054 2307 currentibus
1071 2271 1218 2320 (utpote
1241 2270 1382 2308 viribus
1398 2269 1575 2318 inferior)
1597 2271 1708 2309 lateat

95 2321 247 2374 &quast
270 2324 486 2372 destruatur,
516 2323 580 2362 nili
602 2325 707 2373 quod
725 2326 790 2361 ille
813 2323 889 2373 ipse
912 2334 1053 2370 motus,
1082 2326 1147 2362 ubi
1171 2336 1361 2362 currentes
1377 2324 1528 2362 secundi
1552 2324 1710 2374 fuerint,

94 2388 231 2417 eorum
257 2380 443 2431 impetum
459 2379 637 2418 nonnihil
663 2381 764 2425 juvet
780 2390 891 2427 atquc
914 2380 1067 2420 incitet3
1096 2389 1229 2416 contra
1243 2380 1307 2416 ubi
1331 2377 1480 2426 adversi,
1510 2380 1710 2420 modicum

94 2434 251 2472 fraenet.
309 2435 424 2473 Miffo
444 2437 560 2485 igitur
580 2442 692 2473 mom
706 2435 954 2481 currentium,
982 2434 1218 2484 pergendum
1234 2433 1283 2471 est
1305 2434 1349 2471 ad
1366 2445 1493 2472 motus
1514 2436 1601 2473 illos
1621 2448 1708 2487 qua-

93 2500 184 2528 tuor
210 2489 431 2537 constantes,
468 2490 736 2537 sexhorarium,
773 2486 1017 2536 menstruum,
1058 2488 1386 2527 semimenstruum
1416 2492 1453 2528 &
1482 2489 1708 2539 semestrem,

92 2555 261 2593 quorum
282 2544 382 2582 solus
398 2544 629 2583 sexhorarIus
648 2546 795 2584 videtur
810 2545 929 2582 fluxus
945 2547 1056 2581 maris
1072 2557 1181 2594 agere
1200 2547 1237 2582 ὃ(
1252 2547 1363 2592 ciere,
1391 2545 1600 2584 menstruus
1614 2559 1707 2585 vero

94 2599 242 2639 videtur
255 2600 530 2638 tantummodo
545 2611 698 2639 motum
712 2600 821 2638 illum
835 2600 1087 2637 determinare
1103 2602 1140 2638 ὅ(
1154 2599 1354 2637 restituere.
1398 2601 1710 2640 Semimenstruus

95 2665 224 2693 autem
250 2657 287 2692 ὃ(
308 2654 485 2693 semestris
509 2656 675 2694 eundem
697 2667 832 2705 augere
852 2657 889 2692 ὃ(
909 2655 1116 2693 intendere.
1171 2656 1325 2692 Etenim
1348 2655 1468 2693 fluxus
1486 2659 1524 2694 ὃς
1546 2654 1708 2694 refluxus

94 2714 290 2759 aquatum,
320 2713 386 2760 qui
405 2712 534 2748 littora
557 2712 670 2748 maris
684 2711 730 2748 ad
745 2720 845 2748 certa
867 2708 980 2759 spatia
995 2711 1153 2748 inundat
1173 2713 1210 2748 &
1223 2710 1400 2758 destituit,
1429 2712 1466 2749 δε
1481 2710 1584 2749 ho'ris
1598 2713 1708 2749 variis

91 2764 220 2812 variat,
248 2767 286 2802 δε
307 2766 344 2803 νί
368 2778 409 2803 ae
432 2766 540 2814 copia
563 2777 756 2814 aquarum,
795 2765 895 2803 unde
915 2763 1047 2813 refiqui
1072 2767 1128 2803 illi
1149 2775 1222 2803 tres
1243 2774 1370 2803 motus
1393 2765 1430 2803 se
1452 2765 1543 2804 dant
1563 2766 1708 2816 eonspi<

93 2819 260 2857 ciendos.
316 2821 445 2874 Itaque
464 2821 511 2857 de
540 2821 610 2857 illo
630 2819 710 2870 ipso
740 2830 851 2857 motu
878 2819 997 2857 fluxus
1023 2823 1060 2858 ὃ(
1078 2821 1238 2858 refluxus
1267 2818 1455 2870 sigillatim
1483 2834 1526 2859 ae
1552 2821 1707 2870 proprie

97 2874 153 2921 (ut
168 2873 405 2923 instituimus)
430 2875 649 2913 videndumi
705 2875 835 2927 Atque
851 2875 978 2924 primo
997 2873 1091 2913 illud
1113 2876 1193 2913 dari
1206 2875 1357 2927 prorsus
1378 2877 1519 2913 neeesse
1535 2874 1594 2921 est,
1623 2887 1705 2912 mo-

93 2934 178 2966 tum
201 2929 314 2977 hune,
342 2928 389 2968 de
409 2942 489 2979 quo
512 2929 749 2979 inquirimus,
779 2941 900 2967 unum
926 2942 969 2966 ex
983 2930 1131 2968 duobus
1155 2929 1228 2967 istis
1252 2930 1333 2978 effe,
1362 2932 1423 2968 vel
1447 2940 1598 2967 motum
1621 2929 1703 2967 sub-

95 2984 248 3020 lationis
263 2986 300 3022 &
314 2982 549 3023 demissionis
565 2996 758 3034 aquarum,
786 2985 846 3021 vel
867 2995 1019 3022 motum
1033 2985 1250 3037 progressus.
1307 2986 1464 3023 Motum
1480 2994 1605 3022 autem
1621 2984 1703 3022 sub-

94 3039 249 3075 lationis
273 3040 310 3076 δὲ
323 3037 559 3077 demissionis
583 3041 700 3078 talem
715 3039 785 3076 csse
810 3040 1072 3089 intelligimus,
1103 3042 1220 3089 qualis
1240 3039 1429 3078 invenitur
1449 3042 1489 3076 in
1506 3044 1599 3087 aqua
1622 3040 1702 3077 bul-

96 3090 216 3139 lienti,
253 3094 348 3142 q'uae
370 3093 410 3132 in
433 3095 597 3132 caldario
620 3095 810 3132 attollitur
829 3096 867 3131 &
889 3094 1038 3132 rursum
1058 3093 1200 3133 reficiee
1239 3096 1296 3134 At
1321 3104 1472 3132 motum
1493 3094 1709 3144 progressus,

94 3149 223 3194 talem,
251 3149 370 3196 qualis
384 3150 574 3188 invenitur
593 3151 634 3188 in
650 3161 745 3200 aqua
759 3149 860 3190 vesta
875 3149 915 3185 in
934 3151 1046 3202 pelvi,
1076 3162 1170 3200 quae
1184 3162 1306 3189 unum
1328 3150 1422 3186 latus
1435 3148 1582 3196 deserit,
1611 3152 1701 3240 cmxiii

151 3203 259 3242 VoL.
289 3203 333 3240 II.-
835 3204 869 3241 G
886 3216 908 3253 g
940 3217 957 3241 2

1773 254 1868 314 2'3'5'
