1973 3570
340 150 419 196 IN
466 146 787 219 FELICEM
824 138 1242 192 MEMORIAM
1280 139 1806 192 ELIZABET-HAE.

260 247 337 287 ‘bus
353 245 550 286 clarescere
569 246 750 299 cupiebat.
810 247 904 283 Sane
931 245 976 282 ad
1001 242 1238 282 mentionem
1264 255 1419 282 morum
1450 244 1606 283 suorum
1633 244 1674 282 in
1701 257 1884 293 mentem,

267 301 489 350 mihivenit‚
517 303 608 352 quid
623 301 756 339 dicam.
815 301 918 338 Cum
939 298 1043 336 scribi
1069 299 1115 336 ad
1136 297 1300 347 legatum
1332 299 1438 336 suum
1465 297 1627 346 jussiss'et,
1656 301 1703 338 de
1732 301 1880 349 quibus-

262 360 361 397 ‘dam
386 356 583 404 mandatis,
612 357 658 394 ad
684 358 854 406 reginam
884 365 1043 392 matrem
1070 350 1300 403 Valesz'orum
1326 353 1519 403 separatim
1551 354 1801 404 perferendis3
1832 366 1883 392 at—

271 403 344 466 ⁵que
362 412 428 462 qui
448 413 494 450 ab
509 412 666 465 epistolis
682 421 769 458 erar,
796 410 999 447 clausulam
1029 409 1217 458 quandam
1241 408 1457 456 inseruiss'et,
1486 421 1529 446 ut
1556 411 1698 459 legatus
1730 410 1881 457 diceret,

271 479 451 521 tanquam
466 468 512 504 ad
534 467 703 505 favorem
731 465 1007 517 aucupandum,
1037 461 1130 516 Effe
1150 462 1330 501 nimirum
1344 461 1884 516 Ipsits‘dztasfheminasprin-

273 523 389 576 cipes,
417 534 442 561 a
463 520 612 574 quibus,
640 521 682 559 in
693 519 761 572 ufic
775 532 900 559 rernm
917 515 1192 571 &imperandi
1211 518 1367 555 virtute
1396 513 1444 560 <VJ
1458 517 1621 565 artibus,
1642 530 1716 556 non
1731 520 1880 557 minora

274 590 390 632 quam
412 589 437 615 a
441 576 607 629 fitmmis
633 577 738 615 viris
761 574 1057 628 expefft'arentur
1071 592 1084 617 ‚-
1115 572 1438 623 comparationem
1462 586 1542 612 non
1564 572 1663 620 tulit,
1694 573 1754 611 sed
1772 574 1886 611 deleri

271 630 375 684 jussit
385 651 400 678 ,ς
431 630 552 685 Seque
566 638 674 670 artes
688 629 797 683 longe
811 627 1004 680 dissimiles
1030 625 1078 672 ἔγ
1097 626 1278 678 instituta
1297 625 1456 680 diversit
1471 626 1526 666 acl
1546 626 1809 680 imperandum
1827 627 1885 680 af

261 685 389 742 ferre,
420 686 523 725 dixit.
579 687 841 724 Deleetabatur
868 683 979 722 etiam
1009 685 1107 721 haud
1126 695 1270 734 parum,
1300 681 1325 720 fi
1347 683 1428 732 quis
1458 684 1557 721 forte
1581 683 1796 729 hujusmodi
1817 683 1885 721 ser-

275 754 435 781 monem
458 741 656 779 intuliffct:
686 737 802 787 Eam,
824 735 976 789 etiawfi
983 739 1203 791 inprivata
1219 734 1267 780 όν
1281 736 1462 776 mediocri
1470 736 1640 790 fortuna
1649 750 1791 776 aevum
1803 744 1884 776 tra—

261 784 416 848 ‘c'smciff
408 803 459 843 et,
480 803 610 833 tamen
620 806 694 833 non
708 792 846 847 absque
857 792 990 846 aliqua
1005 791 1259 831 excellentiae
1278 799 1372 830 nota
1386 792 1491 846 apud
1500 792 1672 831 homines
1687 792 1885 832 vift'uram

262 849 388 905 flliss‘?
397 868 411 894 ,ς
440 851 534 888 adeo
549 851 645 887 nihil
660 863 680 887 a
695 849 849 887 fortuna
865 848 927 886 sua
943 848 987 885 ad
1008 849 1156 885 virtutis
1172 847 1320 884 laudem
1339 858 1520 896 mutuare,
1540 859 1604 886 aut
1613 849 1807 886 transferre
1821 861 1886 886 vo-

274 908 387 946 lebat.
443 906 589 944 Verum
612 902 637 942 fi
663 906 703 941 in
721 905 798 950 ejus
824 903 961 950 laudes,
984 900 1054 941 five
1071 903 1232 940 morales
1253 900 1322 941 five
1336 904 1520 955 politicas,
1548 903 1762 953 ingrederer
1778 921 1792 945 ,-
1821 915 1887 941 aut

274 960 315 999 in
329 972 555 1000 communes
569 959 744 1010 quasdam
759 960 946 997 virtutum
965 968 1073 996 notas
1091 960 1127 995 ὃς
1143 959 1530 996 commemorationes
1555 959 1801 995 incidendum
1824 958 1887 1005 est,

273 1016 378 1068 quod
392 1026 473 1054 tam
502 1028 580 1053 rara
606 1013 771 1065 principe
800 1016 928 1051 minus
955 1012 1140 1063 dignums
1170 1022 1233 1050 aut
1248 1010 1273 1049 fi
1288 1012 1475 1063 propriam
1496 1012 1576 1064 ipfis
1605 1014 1728 1050 lucem
1745 1015 1782 1051 δ(
1806 1025 1887 1063 gra-

272 1070 365 1109 tiam
391 1069 589 1108 conciliare
603 1071 731 1117 velim,
759 1068 800 1107 in
814 1070 910 1106 vitae
934 1069 1013 1114 ejus
1041 1066 1232 1106 historiam
1246 1069 1535 1118 prolabendum‚
1564 1068 1666 1118 quod
1698 1070 1736 1105 &
1765 1067 1885 1114 majus

272 1125 399 1165 otium
428 1128 466 1163 &
500 1137 634 1164 venam
663 1125 880 1162 uberiorem
909 1121 1098 1161 desiderat.
1153 1124 1237 1173 Ego
1268 1122 1371 1160 enim
1399 1124 1489 1160 haec
1521 1122 1655 1176 paucis,
1694 1133 1737 1160 ut
1767 1123 1885 1172 potui.

275 1182 350 1220 Sed
361 1193 486 1220 revera
499 1181 703 1219 dicendum
720 1179 769 1217 est
779 1198 793 1223 ς
824 1191 905 1217 non
930 1180 1048 1216 alium
1068 1190 1197 1217 verum
1213 1177 1321 1223 hujus
1335 1177 1525 1216 foeminae
1538 1179 1772 1217 laudatorem
1790 1180 1888 1216 inve-

275 1237 350 1274 niri
365 1237 478 1286 poffe,
508 1248 622 1285 quam
637 1245 805 1287 tempus:
835 1234 940 1286 quod
961 1245 1050 1271 curn
1077 1244 1157 1270 tam
1173 1232 1236 1270 diu
1263 1233 1338 1278 jam
1362 1234 1539 1282 volvitur,
1567 1233 1664 1271 nihil
1685 1231 1816 1280 simile,
1844 1234 1886 1271 in

273 1291 349 1332 hoc
362 1290 461 1339 sexu,
491 1292 616 1343 quoad
632 1302 760 1328 rerum
775 1288 946 1329 civilium
959 1287 1321 1326 administrationem
1335 1287 1488 1340 peperit.

343 1711 1269 1772 MEDITATIONES
1344 1715 1844 1775 SACRAE.¹

705 1883 781 1933 De
805 1883 1001 1951 operibus
1019 1883 1115 1931 Dei
1149 1880 1210 1932 &³
1233 1885 1459 1933 Hominis.

279 2007 336 2125 ’ἾΙ
383 2008 551 2069 ῙΙΒΙΤ
571 2010 673 2046 Deus
696 2007 826 2046 omnia
845 2021 940 2058 quae
963 2009 1128 2049 fecerant
1151 2022 1284 2049 manus
1313 2013 1402 2058 eju3‚
1432 2013 1469 2049 ὃς
1494 2022 1600 2050 erant
1625 2012 1725 2050 bona
1754 2011 1886 2051 nimis:

446 2064 568 2101 homo
588 2074 714 2100 autern
741 2065 953 2111 conversuS‚
982 2076 1024 2103 ut
1043 2065 1185 2104 videret
1214 2079 1326 2118 opera
1354 2079 1447 2116 quae
1467 2067 1634 2104 fecerunt
1650 2079 1782 2106 manus
1797 2070 1886 2116 eJus,

447 2117 590 2155 invenit
606 2119 710 2166 quod
726 2121 857 2156 omnia
872 2130 975 2157 erant
991 2119 1129 2159 vanitas
1145 2123 1181 2158 δε
1195 2120 1342 2159 vexatio
1358 2121 1514 2172 spiritus.

329 2173 475 2225 QUAR
486 2185 509 2210 E
532 2171 557 2210 si
573 2185 685 2224 opera
699 2172 772 2211 Dei
795 2174 1017 2224 operaberis,
1046 2175 1160 2214 sudor
1173 2186 1260 2214 tuus
1287 2187 1327 2214 ut
1347 2187 1588 2227 unguentum
1602 2187 1831 2224 aromatum,
1846 2179 1886 2215 δε

278 2226 429 2265 feriatio
456 2239 520 2266 tua
539 2239 580 2266 ut
609 2228 801 2266 sabbatum
826 2228 908 2267 Dei.
965 2231 1166 2268 Laborabis
1186 2230 1224 2268 in
1249 2231 1384 2270 sudore
1414 2233 1534 2269 bonae
1559 2231 1818 2280 conscientiae,
1847 2234 1886 2270 &

278 2281 460 2320 feriabere
487 2282 526 2320 in
542 2282 624 2321 otio
646 2280 873 2322 suavissimae
899 2285 1239 2336 contemplationis.
1297 2285 1335 2324 Si
1359 2297 1484 2324 autem
1508 2287 1586 2336 post
1609 2289 1796 2337 magnalia
1818 2287 1886 2325 ho-

278 2338 429 2375 minum
449 2337 684 2390 persequeriS‚
714 2337 782 2376 erit
797 2338 865 2376 tibi
888 2341 929 2377 in
960 2341 1153 2389 operando
1180 2342 1348 2379 stimulus
1372 2344 1408 2378 &
1437 2341 1610 2391 angustia,
1641 2344 1678 2379 ὅ(
1700 2342 1739 2379 in
1762 2354 1884 2380 recor-

279 2390 406 2429 dando
431 2392 615 2430 fastidium
629 2395 666 2430 ὅ(
680 2394 928 2443 exprobratio.
983 2396 1031 2432 Et
1052 2395 1191 2433 merito
1213 2395 1281 2432 tibi
1304 2397 1429 2434 evenit
1460 2397 1498 2444 (o
1514 2396 1648 2445 homo)
1678 2406 1718 2434 ut
1738 2408 1825 2434 cum
1841 2403 1884 2434 tu

280 2444 395 2492 quies
413 2460 507 2497 opus
521 2449 608 2495 Dei,
637 2460 719 2485 non
733 2449 912 2486 retribuas
932 2448 964 2487 ei
988 2449 1330 2502 beneplacentian13
1361 2453 1475 2489 etiam
1496 2463 1610 2502 opera
1635 2462 1698 2489 tua
1726 2452 1883 2489 reddant

274 2497 342 2537 tibi
356 2500 520 2542 frustum
539 2501 698 2542 similem
715 2504 986 2544 amaritudinis,

688 2638 781 2697 De
810 2639 1101 2698 Miraculis
1129 2639 1443 2699 ServatoriS.

864 2777 982 2827 Bene
1003 2783 1147 2826 omnia
1156 2778 1285 2846 fecit.

401 2887 558 2928 ERUS
590 2889 756 2941 plausus:
785 2893 888 2931 Deus
909 2905 997 2932 cum
1025 2891 1190 2932 universa
1213 2903 1362 2941 crearet,
1397 2891 1488 2932 vidit
1517 2892 1620 2941 quod
1650 2891 1803 2942 singula,
1841 2895 1879 2931 ὅτ

266 2994 270 2997 ἡ
298 2995 302 2997 -
423 2945 554 2980 omnia
569 2955 673 2982 erant
696 2946 940 2985 bonanimis:
969 2950 1074 2986 Deus
1088 2950 1260 2988 Verbum
1280 2947 1319 2985 in
1334 2946 1518 2985 miraculis
1534 2960 1626 2996 quae
1647 2946 1760 2985 edidit
1781 2948 1880 2998 (om-

272 3008 320 3033 ne
333 3008 460 3035 autem
475 2997 693 3036 miraculum
709 3000 756 3036 est
778 3013 874 3038 nova
901 3003 1051 3049 creatio,
1081 3006 1118 3041 &
1135 3016 1217 3041 non
1242 3015 1285 3040 ex
1308 3004 1390 3052 lege
1413 3004 1556 3051 primae
1579 3004 1793 3050 creationis)
1824 3003 1878 3040 nil

270 3050 529 3101 facerevoluir,
558 3054 661 3105 quod
681 3066 762 3093 non
791 3058 948 3104 gratiam
971 3060 1009 3096 ὅ(
1038 3057 1320 3096 beneficentiam
1336 3058 1502 3095 omnino
1530 3057 1694 3107 spiraret.
1749 3055 1881 3109 fllofhs

318 3127 322 3130 ·
384 3118 401 3146 Ι
1762 3112 1879 3149 edidit
