1973 3570
123 231 189 277 54

527 199 985 267 ἶ[ΙΓῑιεῬεὶκῑέὶ
1040 194 1565 244 VEN'roRUM.

320 316 385 355 25.
415 302 493 341 Mo
507 313 592 339 Tus
614 312 818 340 ventorum
834 302 873 337 in
897 301 1004 346 veliS,
1035 311 1113 346 quo
1135 298 1253 346 magis
1274 297 1421 333 accedat
1437 297 1481 332 ad
1506 295 1666 333 rostrum
1681 299 1795 347 navis3
1830 298 1880 337 est

262 355 416 406 fortior,
445 360 482 394 &
505 368 708 407 promovet
724 357 862 404 magisj
892 365 975 391 tum
1000 356 1086 402 quia
1102 353 1141 389 fit
1168 354 1207 388 in
1224 353 1313 388 loco
1330 352 1393 388 ubi
1410 351 1531 388 undae
1547 361 1702 400 propter
1717 364 1877 393 acumen

264 427 398 470 prorae
422 412 601 450 facillime
625 412 814 451 secantur3
850 419 934 446 tum
962 411 1125 445 maxime
1148 408 1234 455 quia
1258 416 1386 442 motus
1411 419 1430 442 a
1453 418 1565 455 prora
1589 406 1704 443 trahit
1728 420 1877 458 navem,

256 467 396 510 'motus
410 481 429 505 a
450 468 563 518 puppi
578 467 708 504 trudit.

276 559 282 565 ,
324 527 388 562 26.
420 524 595 559 Morus
619 532 833 566 ventorum,
863 521 903 556 in
929 519 1021 557 velis
1045 518 1280 568 superiorum
1304 515 1497 562 ordinum,
1534 526 1737 566 promovet
1761 521 1880 568 magis

269 592 384 630 quam
399 580 439 614 in
452 579 544 614 velis
558 577 703 614 ordinis
718 575 928 613 inferioris;
957 575 1045 622 quia
1059 583 1187 610 motus
1198 573 1388 609 Violentus
1404 572 1566 607 maxime
1581 568 1709 609 efficax
1725 572 1785 620 est,
1815 575 1881 612 ubi

269 637 478 686 plurimum
507 641 722 669 removetur
747 643 767 666 a
792 627 1007 669 resistentia;
1045 638 1086 666 ut
1117 630 1156 664 in
1183 627 1348 664 ved‘ibus
1373 628 1408 663 δε
1437 628 1527 663 velis
1551 627 1880 667 molendinorum.

272 691 347 728 Sed
361 688 569 740 periculum
585 687 633 723 cst
656 683 898 722 demersionis
918 694 979 721 aut
996 681 1194 721 everfionis
1218 683 1340 721 navis;
1371 683 1496 729 itaque
1516 684 1553 718 &
1568 684 1780 719 acuminata
1796 682 1883 722 sunt

272 746 349 792 illa,
378 756 427 781 ne
449 753 583 781 ventos
607 743 748 778 nimios
772 741 966 790 excipiant,
998 741 1034 776 ὃς
1059 740 1099 774 in
1123 737 1188 775 usu
1212 738 1408 787 praecipue
1431 748 1519 773 cum
1542 735 1683 787 spirent
1706 739 1809 777 venti
1833 740 1885 776 le-

275 802 413 838 niores.

330 866 349 891 2
358 863 394 902 7.
426 853 540 888 CUM
554 851 636 888 vela
665 850 901 886 collocentur
917 851 957 884 in
981 848 1077 884 reeta
1093 848 1201 891 linea,
1231 846 1345 881 altera
1369 846 1448 895 post
1463 847 1589 893 altera,
1620 847 1762 885 necesse
1778 848 1827 885 est
1842 859 1885 887 ut

275 921 370 958 quae
384 907 560 958 posterius
583 904 854 940 constituantur
869 902 1097 940 tufi-'urentur
1121 910 1278 938 ventum
1294 913 1312 936 a
1336 902 1536 949 prioribus,
1566 913 1655 938 eum
1669 913 1803 940 ventus
1818 903 1884 941 flet

276 965 393 1002 reeca:
415 964 538 1008 itaque
554 957 579 995 fi
592 960 724 995 omnia
738 956 845 995 fimul
860 958 1000 995 fuerint
1016 957 1146 1003 cretici,
1167 966 1294 992 tamen
1311 957 1363 991 vis
1379 957 1479 993 venti
1497 956 1575 992 fere
1590 966 1740 994 tantum
1755 959 1887 996 locum

276 1019 389 1057 habet
418 1018 458 1052 in
486 1015 578 1053 velis
606 1014 697 1050 mali
724 1015 914 1064 principis,
957 1025 1045 1050 cum
1073 1022 1189 1062 parvo
1212 1012 1352 1047 auxilio
1380 1012 1453 1049 veli
1483 1012 1528 1047 ab
1558 1012 1669 1058 infra,
1713 1014 1754 1049 in
1782 1015 1889 1051 malo

279 1073 399 1111 rostri.

337 1125 401 1164 28.
432 1126 457 1161 1³
469 1135 522 1161 EL
533 1135 652 1160 Ielss
663 1135 676 1159 1
687 1134 755 1159 MA
772 1125 808 1159 ὃ(
823 1118 1132 1159 commodiffima
1146 1119 1337 1172 dispositio
1352 1121 1524 1158 velorum
1542 1123 1581 1157 in
1597 1132 1714 1159 vento
1728 1123 1832 1161 resto
1847 1136 1889 1161 ea

279 1182 340 1227 est,
370 1191 411 1218 ut
434 1181 514 1217 vela
538 1179 615 1215 duo
639 1178 819 1215 inferiora
839 1178 930 1213 mali
953 1189 1085 1226 prorae
1109 1179 1326 1227 erigantur3
1368 1177 1420 1211 ibi
1445 1178 1550 1212 enim
1577 1176 1631 1222 (ut
1656 1178 1801 1215 dictum
1824 1179 1887 1228 est)

280 1246 412 1273 motus
435 1235 483 1271 est
505 1235 668 1270 maxime
688 1229 834 1270 efficax:
865 1233 1027 1281 erigatur
1052 1233 1164 1268 ctiam
1189 1237 1315 1270 velum
1332 1243 1350 1266 a
1371 1231 1474 1280 supra
1503 1232 1591 1267 mali
1607 1234 1806 1282 principis:
1836 1246 1891 1271 re-

281 1292 466 1339 linquitur
477 1290 581 1326 enim
596 1288 753 1338 spatium
764 1297 913 1324 tantum
928 1286 1064 1335 subter,
1082 1299 1122 1324 ut
1134 1297 1266 1325 ventus
1279 1282 1444 1323 sufficere
1460 1283 1574 1335 pollit
1590 1289 1680 1324 velis
1695 1289 1891 1337 praedieiis

282 1358 415 1397 prorae
431 1344 565 1393 absque
583 1343 826 1381 suffuratione
846 1343 1018 1379 notabili.

339 1412 358 1437 2
365 1412 402 1447 9.
433 1402 660 1437 PROPTER
682 1399 786 1434 illam
802 1410 915 1446 quam
931 1398 1092 1434 diximus
1109 1396 1395 1434 suffurationem
1415 1407 1631 1443 ventorum,
1668 1398 1829 1436 celerior
1845 1399 1894 1438 est

287 1458 476 1504 navigatio
496 1466 585 1492 cum
599 1464 715 1492 vento
738 1454 891 1499 laterali,
921 1465 1033 1501 quam
1048 1464 1135 1489 cum
1157 1453 1271 1488 recio.
1325 1453 1485 1487 Laterali
1501 1453 1605 1488 enim
1628 1451 1743 1489 flante
1763 1457 1895 1492 omnia

285 1512 368 1549 vela
394 1512 433 1547 in
457 1522 570 1559 opere
593 1510 687 1559 poni
711 1508 879 1557 poss‘unr3
909 1509 995 1556 quia
1020 1509 1133 1544 latera
1155 1505 1219 1543 fibi
1244 1507 1408 1544 invicem
1433 1507 1650 1554 obvertunt,
1687 1519 1759 1545 nec
1781 1511 1896 1548 altera

288 1568 402 1603 altera
417 1565 641 1615 impediunt,
668 1576 792 1612 neque
806 1563 847 1600 fit
862 1563 1017 1600 furtum.

344 1631 407 1670 30.
437 1622 605 1656 ETIAM
627 1619 742 1655 flante
765 1628 880 1655 vento
904 1618 1059 1665 laterali,
1086 1619 1169 1656 vela
1192 1616 1347 1667 rigidius
1364 1618 1403 1653 in
1428 1617 1622 1655 adversum
1644 1620 1747 1656 venti
1772 1629 1897 1658 exten-

286 1677 449 1715 duntur3
479 1674 583 1723 quod
606 1684 763 1711 ventum
778 1675 997 1721 comprimit
1021 1670 1212 1720 nonnihil,
1242 1675 1279 1709 ὅ(
1303 1673 1478 1709 immittit
1495 1675 1536 1709 in
1561 1685 1643 1709 eam
1658 1684 1805 1722 partem
1830 1677 1896 1714 ubi

284 1732 375 1768 flare
402 1730 533 1766 debet:
572 1728 673 1766 unde
701 1728 881 1764 nonnihil
908 1728 1145 1766 fortitudinis
1174 1729 1345 1777 acquirit.
1402 1729 1550 1765 Ventus
1579 1738 1704 1765 autem
1733 1732 1898 1768 maxime

289 1786 474 1836 propitius
489 1784 549 1830 est,
578 1785 642 1831 qui
658 1783 720 1820 flat
736 1783 776 1819 in
792 1783 930 1831 quadra
946 1785 1044 1821 inter
1060 1785 1203 1821 rectum
1219 1786 1256 1821 ὃ(
1272 1783 1473 1830 lateralem.

347 1850 410 1890 31.
440 1841 620 1879 VELUM
635 1839 680 1875 ab
696 1838 792 1874 infra
804 1839 892 1874 mali
902 1838 1009 1875 rostri
1023 1841 1083 1877 vix
1093 1851 1259 1888 unquam
1275 1837 1391 1888 poss'et
1407 1837 1475 1875 effe
1485 1839 1633 1886 inutile,
1653 1851 1778 1889 neque
1793 1841 1900 1879 enim

288 1896 429 1946 patitur
454 1894 612 1941 furtum,
649 1897 803 1942 quando
828 1895 981 1943 colligat
1003 1905 1173 1942 ventum,
1210 1896 1275 1943 qui
1304 1894 1367 1931 flat
1390 1894 1641 1942 undequaque
1665 1896 1762 1932 circa
1785 1896 1901 1934 latera

292 1952 396 1988 navis
411 1953 448 1987 ὅ(
463 1949 586 1987 subter
604 1950 684 1987 vela
700 1960 853 1986 caetera.
991 1992 994 1997 ἱ

348 2016 411 2056 32.
442 2006 731 2042 SPECTATUR
753 2005 794 2040 in
809 2014 919 2041 motu
943 2015 1146 2043 ventorum
1163 2006 1203 2042 in
1228 2004 1381 2042 navibus
1401 2015 1483 2041 tum
1509 2003 1684 2053 impulsio
1699 2015 1784 2043 tum
1803 2005 1901 2044 dire-

288 2061 379 2098 ἃίο.
436 2059 491 2096 At
514 2059 672 2096 directio
687 2060 751 2096 illa
773 2071 866 2107 quae
882 2059 924 2096 fit
947 2072 1012 2109 per
1035 2062 1182 2097 clavum
1206 2072 1286 2096 non
1308 2060 1473 2096 multum
1498 2061 1662 2109 pertinet
1682 2061 1727 2097 ad
1750 2060 1901 2109 inquisi-

291 2118 440 2153 tionem
456 2113 700 2164 praesentem,
730 2112 797 2151 nisi
813 2125 994 2163 quatenus
1016 2115 1147 2152 habeat
1163 2116 1444 2152 connexionem
1468 2127 1555 2152 cum
1570 2125 1682 2152 motu
1695 2125 1903 2154 ventorum

294 2172 335 2208 in
351 2171 454 2208 velis.

347 2224 553 2263 Connexio.
584 2225 661 2264 Ur
685 2234 812 2262 motus
828 2222 1063 2274 impulsionis
1086 2227 1125 2262 in
1142 2227 1272 2275 vigore
1296 2225 1399 2262 estin
1423 2237 1546 2274 prora,
1576 2225 1628 2261 ita
1653 2235 1783 2263 motus
1807 2226 1902 2265 dire-

294 2280 431 2317 &ionis
447 2282 487 2316 in
502 2281 627 2329 puppi,
657 2280 783 2327 itaque
798 2280 843 2316 ad
859 2291 958 2326 eum,
989 2281 1116 2317 velum
1131 2281 1176 2317 ab
1192 2280 1289 2317 infra
1307 2281 1397 2317 mali
1412 2282 1556 2329 puppi5‚
1586 2280 1634 2316 est
1649 2282 1805 2318 maximi
1820 2294 1903 2320 mo·

296 2336 418 2371 menti
432 2347 442 2374 5
469 2337 505 2371 δε
520 2333 618 2382 quasi
633 2336 781 2383 copiam
796 2335 947 2384 praebet
963 2336 1178 2372 auxiliarem
1196 2337 1313 2374 clavo.

355 2399 417 2439 33.
451 2389 566 2425 CUM
581 2390 683 2437 pyxis
706 2391 852 2426 nautica
868 2392 907 2429 in
923 2391 1046 2439 plagas
1072 2401 1120 2440 32
1139 2391 1386 2434 distribuatur,
1417 2389 1511 2426 adeo
1531 2401 1572 2426 ut
1587 2389 1812 2429 semicirculi
1827 2393 1906 2439 ejus

297 2441 367 2480 fint
395 2444 523 2492 plagae
546 2443 719 2489 sedecim,
748 2445 865 2492 potest
891 2445 968 2482 fieri
996 2446 1186 2494 navigatio
1213 2441 1441 2494 progressiva
1459 2445 1554 2491 (non
1583 2448 1768 2496 angulata,
1808 2460 1905 2496 quae

298 2498 381 2535 fieri
397 2498 489 2535 solet
513 2499 553 2535 in
567 2498 688 2536 ventis
710 2499 818 2547 plane
833 2501 1057 2547 contrariis,)
1085 2498 1226 2536 etiamsi
1241 2513 1283 2536 ex
1308 2501 1381 2537 illis
1397 2499 1558 2537 sedecim
1584 2502 1749 2550 partibus
1772 2501 1907 2541 decem

299 2553 442 2590 fuerint
465 2552 644 2599 adversae,
675 2555 711 2590 ὅ(
727 2552 785 2590 sex
807 2563 955 2591 tantum
979 2554 1218 2595 favorabiles
1250 2565 1286 2591 at
1310 2567 1350 2592 ea
1366 2556 1558 2604 navigatio
1581 2558 1748 2594 multum
1763 2558 1907 2607 pendet

301 2620 345 2645 cx
361 2609 447 2646 velo
462 2608 507 2645 ab
523 2608 619 2645 infra
634 2610 724 2644 mali
740 2610 889 2658 puppis:
922 2611 1024 2646 Cum
1040 2611 1144 2647 enim
1159 2611 1261 2648 venti
1287 2620 1407 2659 partes
1423 2613 1632 2648 contrariae
1648 2613 1788 2659 itineri,
1818 2615 1906 2662 quia

302 2662 388 2700 sunt
403 2673 664 2713 praepotentes
680 2666 716 2700 ὃ(
731 2665 839 2701 clavo
856 2663 937 2700 solo
962 2667 1039 2714 regi
1056 2677 1137 2702 non
1153 2665 1314 2713 possunt,
1344 2666 1414 2702 alia
1437 2667 1517 2704 vela
1536 2665 1758 2704 obversurae
1776 2667 1905 2706 forent

302 2730 378 2755 una
393 2730 479 2755 cum
494 2719 579 2756 navi
594 2717 668 2767 ipsa
682 2719 722 2755 in
736 2728 881 2768 partem
896 2721 1123 2756 contrariam
1137 2719 1294 2767 itineris,
1316 2720 1409 2758 illud
1424 2722 1551 2758 velum
1566 2722 1686 2770 rigide
1699 2722 1907 2771 extensum,

303 2785 347 2810 ex
363 2771 535 2823 oppofito
550 2773 675 2811 favens
690 2774 795 2811 clavo
811 2777 847 2811 δ(
862 2774 939 2820 ejus
954 2785 1105 2812 motum
1119 2775 1338 2823 fortificans,
1367 2778 1490 2823 vertit,
1520 2779 1556 2814 δε
1572 2774 1671 2824 quasi
1686 2777 1904 2815 circumfert

303 2840 456 2878 proram
471 2841 512 2865 in
526 2839 624 2866 viam
640 2838 794 2866 itineris.

305 2898 307 2901 ¹
362 2893 424 2932 34.
456 2885 575 2921 OMN
586 2894 627 2920 1s
650 2893 782 2921 ventus
804 2885 843 2920 in
869 2885 960 2922 velis
983 2886 1162 2923 nonnihil
1189 2897 1360 2935 aggravat
1384 2886 1613 2936 &deprimit
1642 2898 1798 2929 navem3
1826 2899 1907 2927 tan-

305 2945 423 2985 toque
451 2939 569 2988 magis
597 2950 675 2987 quo
703 2938 843 2976 flaverit
873 2940 990 2988 magis
1017 2940 1182 2990 desuper.
1238 2943 1367 2990 Itaque
1395 2941 1671 2991 tempestatibus
1698 2943 1908 2986 majoribus

304 2994 434 3042 primo
460 2993 666 3031 devolvunt
690 3003 869 3030 antennas
890 2996 926 3030 ὅ(
949 2995 1121 3032 auferunt
1145 2997 1225 3033 vela
1249 2996 1450 3046 superiora,
1479 2997 1628 3043 deinde,
1658 2994 1683 3033 fi
1707 3009 1802 3046 opus
1828 2999 1906 3036 fue-

305 3048 367 3096 rit,
395 3049 547 3092 omnias
573 3049 689 3088 ctiam
711 3050 831 3089 malos
850 3048 948 3100 ipsos
963 3050 1156 3093 incidunt3
1186 3053 1278 3100 quin
1295 3052 1550 3103 &projiciunt
1575 3064 1691 3089 onera
1707 3055 1906 3101 mercium,

1609 3116 1909 3157 tormentorum,

1883 3229 1902 3263 3
