1973 3570
258 169 678 218 HISTORIA
733 169 1003 216 VITAE
1058 171 1160 216 ΕΤ
1213 173 1569 223 MORTIS.

151 270 214 321 38.
247 272 298 307 IN
329 272 500 322 corporis
530 271 731 319 analogia5
764 272 829 319 qui
858 283 1019 320 corpore
1044 273 1241 320 aliquanto
1269 274 1459 313 breviores
1490 277 1585 324 sunt,
1615 282 1717 320 tibiis

96 322 346 374 longioribus»,
376 327 637 375 longaeviores
658 325 754 371 sunt,
784 338 898 374 quam
929 328 994 375 qui
1015 340 1176 379 corpore
1201 331 1321 379 magis
1337 331 1506 378 dcmilso,
1536 335 1637 371 tibiis
1658 350 1716 376 au-

95 392 174 417 tem
189 381 449 418 brevioribus:
480 382 587 427 Item,
619 383 684 429 qui
714 381 958 419 inferioribus
982 385 1149 432 partibus
1175 385 1352 433 largiores
1377 386 1461 423 sunt
1488 389 1524 424 ὃ(
1554 388 1718 439 superio-

92 437 195 473 ribus
210 437 482 473 contractiores
500 436 690 482 (struCtura
706 437 874 486 corporis
898 435 997 486 quasi
1014 437 1187 487 surgente
1204 442 1243 476 in
1260 444 1426 490 acutum)
1443 443 1717 494 longaeviores,

92 504 207 541 quam
228 493 293 540 qui
311 491 490 529 humeros
505 492 583 538 lati,
613 491 793 528 deorsum
811 492 894 529 sunt
910 504 1090 540 tanquam
1107 497 1304 532 attenuati.

148 558 212 597 39.
245 548 287 584 M
300 559 438 585 ACIES
463 560 551 584 cum
581 546 774 584 affectibus
804 547 948 594 sedatis,
988 549 1198 598 tranquillis
1229 553 1265 588 ὃς
1300 551 1493 594 facilibus;
1535 557 1716 606 pinguior

91 613 219 640 autem
247 602 395 640 habitus
422 614 510 639 cum
536 602 700 649 cholera,
731 602 969 640 vehementia
997 605 1033 640 ὃς
1057 604 1271 656 pertinacia,
1301 606 1589 646 diuturnitatem
1604 596 1716 650 &vitae

89 656 322 708 significant:
354 654 509 695 obesitas
534 668 662 694 autem
690 658 731 695 in
761 657 957 703 juventute
985 659 1200 698 breviorem
1224 663 1338 699 vitam
1360 665 1644 713 praemonstrat,
1674 670 1715 705 in

89 713 279 751 senectute
297 726 353 750 res
370 713 418 750 est
439 714 558 762 magis
572 712 803 750 indifferens.

143 766 343 818 40.'D1U
377 771 414 807 ὃς
444 765 576 805 sensim
608 767 862 818 grandescere,
901 768 1048 819 signum
1084 772 1181 809 vitae
1212 773 1349 822 longae
1366 790 1380 815 ς
1417 772 1443 811 fi
1469 776 1514 812 ad
1542 776 1718 816 staturam

89 823 281 874 magnam,
298 837 482 874 magnum
499 822 645 873 lignum
662 843 675 867 ,-
705 822 758 861 sm
775 825 820 861 ad
836 826 1043 872 minorem,
1061 824 1205 876 signum
1223 838 1352 865 tamen
1367 846 1382 870 ,-
1414 840 1450 866 at
1465 842 1598 869 contra
1613 835 1716 871 velo—

88 881 183 916 citer
198 880 442 930 grandescere
463 880 508 917 ad
532 880 707 917 staturam
736 891 927 929 magnam,
952 878 1099 931 signum
1119 884 1263 921 malum
1284 884 1332 921 est
1348 901 1362 927 5
1392 882 1447 922 fin
1467 887 1514 923 ad
1539 888 1716 927 staturam

89 935 256 983 brevem,
287 937 413 973 minus
429 936 585 973 malum.

142 1002 210 1040 41.
243 991 446 1028 CARNES
461 991 660 1036 firmiores,
691 992 728 1027 δε
748 1003 883 1040 corpus
907 990 1163 1029 musculosum
1180 996 1217 1031 ὃς
1232 995 1447 1043 nervosum,
1477 999 1514 1034 δε
1528 1009 1632 1036 nates
1646 1002 1717 1036 mi-

89 1058 160 1084 nus
183 1057 386 1093 tumenteS,
419 1046 618 1095 (quantum
635 1044 801 1082 sedendo
816 1057 966 1083 tantum
990 1043 1188 1096 sufficiant)
1213 1051 1249 1086 ὃς
1273 1062 1389 1087 venae
1415 1054 1530 1102 paulo
1545 1056 1717 1093 eminen-

88 1104 217 1147 tiores,
247 1103 542 1151 longaevitatem
567 1102 752 1138 denotant
770 1119 782 1143 ‚-
813 1103 1003 1138 contraria
1031 1103 1254 1140 brevitatem
1275 1106 1383 1142 vitae.

143 1168 210 1207 42.
248 1158 432 1204 CAPUT,
462 1170 532 1207 pro
555 1157 729 1205 analogia
753 1158 936 1207 corporiS,
967 1159 1179 1199 minutius;
1220 1160 1365 1196 collum
1394 1161 1603 1209 mediocre,
1632 1176 1714 1202 non

88 1213 318 1261 oblongum,
346 1222 409 1250 aut
433 1212 584 1262 gracile,
622 1222 684 1249 aut
718 1212 924 1258 tumidum,
964 1223 1026 1249 aut
1052 1223 1233 1262 tanquam
1269 1214 1437 1253 humeris
1477 1218 1682 1267 impastum
1697 1237 1714 1263 3

88 1279 195 1305 nares
225 1268 383 1317 patulae,
414 1279 639 1317 quacunque
664 1265 789 1303 forma
814 1265 912 1304 nasi:
942 1280 986 1304 os
1016 1269 1154 1317 largius
1170 1287 1184 1312 ,-
1224 1269 1319 1308 auris
1350 1272 1601 1321 cartilaginea,
1632 1286 1716 1313 non

87 1323 241 1361 carnosa
256 1342 270 1367 ‚-
309 1323 442 1360 dentes
467 1321 607 1360 robusti
638 1325 675 1359 ὃ(
705 1323 890 1372 contigui,
929 1335 1013 1360 non
1038 1325 1163 1371 exiles,
1201 1335 1264 1362 aut
1294 1327 1379 1372 rari,
1417 1328 1715 1376 longaevitatem

86 1379 359 1429 praenunciant
376 1397 389 1422 ,-
420 1382 457 1416 δε
478 1380 604 1416 multo
619 1379 751 1427 magis,
780 1376 806 1414 fi
826 1379 957 1416 dentes
973 1379 1089 1427 aliqui
1105 1382 1209 1428 novi,
1240 1382 1476 1431 proveffiore
1497 1393 1616 1422 aetate
1629 1397 1716 1437 pro-

87 1446 251 1472 veniant.

138 1501 204 1541 43.
240 1492 429 1528 Pncrus
460 1490 579 1530 latius,
610 1488 672 1526 sed
705 1501 787 1526 non
822 1491 1022 1537 elevatum,
1052 1493 1145 1540 quin
1175 1493 1301 1541 potius
1332 1492 1522 1532 adductius
1538 1512 1552 1537 ,-
1583 1495 1714 1534 hume—

86 1548 194 1595 rique
220 1546 498 1595 aliquantulum
528 1544 646 1595 gibbi,
676 1547 713 1582 δί
742 1545 796 1592 (ut
827 1547 1051 1594 loquuntur)
1082 1547 1259 1584 fornicati
1276 1566 1289 1590 ,-
1319 1559 1450 1585 venter
1466 1550 1610 1598 planus,
1641 1564 1713 1589 nec

86 1600 308 1652 prominens
319 1620 332 1645 ,ς
365 1614 497 1638 manus
526 1602 666 1650 largior
696 1602 732 1637 ὅ(
758 1602 882 1652 palma
906 1604 1033 1639 minus
1060 1604 1170 1639 lineis
1201 1614 1369 1643 exarata3
1407 1617 1471 1655 pes
1497 1606 1646 1643 brevior
1675 1609 1713 1644 δε

85 1658 290 1695 rotundior
306 1674 320 1698 ,-
359 1657 507 1694 femora
531 1658 657 1693 minus
681 1655 835 1693 carnosa
856 1675 869 1699 ‚-
911 1656 1014 1695 surae
1043 1671 1125 1695 non
1151 1658 1336 1706 cadentes,
1367 1658 1428 1695 scd
1458 1659 1495 1696 se
1519 1661 1627 1698 altius
1656 1662 1711 1699 su-

85 1712 299 1760 stentantes,
329 1711 430 1762 signa
450 1710 724 1762 longaevitatis,

139 1779 205 1818 44.
237 1771 403 1806 OCULI
429 1770 542 1817 paulo
567 1768 800 1817 grandiores,
832 1778 943 1817 atque
965 1769 1028 1806 iris
1046 1768 1214 1821 ipsorum
1240 1782 1328 1807 cum
1358 1771 1527 1818 quodam
1551 1773 1675 1809 virore
1691 1790 1706 1815 ,-

86 1824 211 1862 sensus
235 1836 369 1861 omnes
392 1836 474 1860 non
500 1825 615 1860 nimis
636 1824 734 1860 acuti
747 1841 761 1865 ‚-
792 1824 917 1876 pulsus
941 1824 1137 1869 juventute
1162 1825 1318 1872 tardior,
1349 1825 1415 1863 sub
1439 1837 1598 1864 aetatem
1632 1840 1711 1865 ver-

85 1890 242 1929 gentem
261 1880 374 1929 paulo
396 1880 589 1916 incitatior
605 1897 618 1921 ,-
649 1879 822 1917 detentio
842 1879 1029 1917 anhelitus
1050 1880 1198 1917 facilior
1219 1884 1256 1918 &
1283 1882 1322 1917 in
1346 1882 1453 1930 plura
1477 1892 1676 1920 momenta
1691 1900 1707 1926 3

83 1936 185 1974 alvus
197 1936 392 1981 juventute
408 1932 550 1981 ficcior,
580 1945 758 1985 vergente
774 1945 892 1972 aetate
909 1936 1116 1982 humidior,
1147 1934 1246 1985 signa
1267 1938 1382 1973 etiam
1397 1937 1671 1986 longaevitatis.

137 2001 206 2041 45.
236 1992 306 2028 DE
342 1990 577 2042 temporibus
614 1991 818 2028 nativitatis
852 1989 946 2027 nihil
983 1991 1222 2030 observatum
1256 1990 1316 2038 est,
1357 1993 1484 2040 quoad
1518 1994 1708 2042 longaevi-

84 2057 216 2094 tatem,
245 2056 463 2083 memoratu
492 2045 665 2094 dignum,
704 2056 849 2096 praeter
877 2045 1109 2096 astrologica,
1148 2059 1243 2095 quae
1281 2049 1322 2084 in
1359 2049 1496 2098 topicis
1530 2049 1708 2097 relegavi-

86 2114 183 2139 mus.
240 2103 370 2139 Partus
391 2099 619 2148 offimestris‚
650 2114 732 2138 non
753 2101 876 2138 solum
893 2114 963 2151 pro
980 2115 1060 2140 non
1076 2101 1203 2150 vivaci,
1234 2114 1365 2141 verum
1386 2104 1500 2140 etiam
1526 2115 1597 2154 pro
1625 2115 1706 2139 non

84 2158 189 2195 vitali
205 2156 384 2194 habetur:
414 2157 539 2193 Etiam
559 2167 685 2208 partus
706 2156 896 2205 hyemales
916 2158 1104 2195 habentur
1119 2170 1190 2208 pro
1206 2157 1526 2207 longaevioribus.

139 2214 206 2262 46.
236 2214 426 2251 VICTUS
459 2209 529 2250 five
563 2211 685 2249 diaeta
713 2212 974 2262 Pythagorica,
1013 2223 1075 2250 aut
1104 2212 1322 2259 monastica,
1361 2212 1568 2249 secundum
1603 2224 1708 2262 regu-

86 2269 138 2305 las
171 2268 381 2315 strhstiores,
412 2277 474 2304 aut
505 2267 551 2304 ad
582 2263 757 2304 amuffim
786 2268 960 2315 acqualiS,
993 2268 1125 2316 (qualis
1153 2267 1225 2304 fuit
1251 2269 1315 2303 illa
1346 2267 1526 2314 Cornari)
1557 2268 1706 2305 videtu-r

84 2334 265 2374 potenter
279 2324 399 2360 facere
416 2323 461 2360 ad
481 2325 577 2361 vitae
593 2321 889 2372 longitudinem.
946 2322 1002 2358 At
1018 2332 1152 2359 contra
1168 2323 1283 2368 exiis,
1313 2322 1378 2370 qui
1394 2322 1511 2358 libere
1539 2324 1577 2360 ὃς
1599 2334 1703 2359 com—

85 2380 197 2416 muni
225 2390 334 2416 more
361 2381 504 2426 vivunt,
534 2379 795 2427 longaeviores
824 2378 961 2426 reperti
992 2376 1075 2414 sunt
1102 2376 1371 2425 saepenumero
1399 2377 1528 2414 edaces
1554 2379 1592 2414 ὃς
1620 2390 1705 2427 epu-

85 2436 205 2482 lones,
236 2434 400 2482 deinque
434 2436 499 2483 qui
534 2434 749 2471 liberaliore
777 2432 905 2469 mensa
934 2430 986 2469 usi
1007 2432 1102 2469 lunt.
1158 2432 1290 2468 Media
1312 2432 1444 2479 diaeta,
1475 2444 1569 2481 quae
1598 2433 1710 2470 habe-

85 2500 148 2528 tur
173 2502 247 2541 pro
275 2499 493 2541 temperata,
524 2489 695 2526 laudatur
721 2490 758 2525 &
785 2488 832 2525 ad
863 2486 1059 2524 sanitatem
1080 2486 1243 2534 confert,
1271 2487 1317 2524 ad
1341 2489 1458 2525 vitam
1481 2489 1707 2537 longaevam

83 2558 219 2596 parum
247 2545 393 2595 potest‚·
424 2546 580 2591 etenim,
609 2545 731 2581 diaeta
760 2544 824 2580 illa
848 2541 1018 2589 striciim,
1058 2541 1202 2594 spiritus
1239 2544 1435 2595 progignit
1473 2555 1623 2594 paucos,
1664 2546 1701 2581 δε

85 2602 223 2648 lentos,
252 2600 355 2638 unde
383 2601 510 2636 minus
537 2599 757 2641 consumit5
796 2609 831 2637 at
860 2599 924 2635 illa
953 2598 1115 2647 plenior,
1145 2598 1372 2635 alimentum
1399 2598 1552 2647 praebet
1576 2600 1705 2648 copio-

86 2655 182 2703 sum,
213 2656 314 2694 unde
343 2656 463 2704 magis
487 2665 632 2706 reparat
648 2673 662 2697 ,-
707 2654 832 2691 media
860 2659 1038 2691 neutrum
1071 2653 1224 2705 praestat
1239 2671 1255 2697 ,ς
1300 2653 1364 2690 ubi
1402 2655 1506 2691 enim
1541 2655 1706 2691 extrema

87 2715 223 2748 nociva
244 2711 341 2758 sunt,
371 2708 541 2747 medium
561 2711 752 2759 optimum
770 2726 783 2751 ς
813 2721 946 2746 verum
974 2709 1039 2746 ubi
1067 2719 1233 2745 extrema
1251 2710 1423 2756 juvativa,
1452 2710 1624 2746 medium
1649 2710 1705 2744 ni-

87 2767 157 2803 hili
191 2766 270 2804 fere
301 2767 361 2803 est.
418 2765 571 2803 Diaetae
598 2775 725 2802 autem
752 2763 808 2802 illi
837 2763 1009 2801 striffiori
1039 2764 1219 2801 convenit
1245 2765 1359 2801 etiam
1383 2765 1524 2814 vigilia,
1561 2776 1608 2800 ne
1637 2762 1705 2812 spi-

88 2819 179 2859 ritus
214 2823 332 2871 pauci,
363 2822 488 2858 multo
517 2820 656 2858 somno
685 2821 949 2872 opprimantur
962 2837 976 2862 ‚-
1007 2820 1224 2857 exercitatio
1254 2821 1349 2857 item
1377 2820 1540 2865 modica,
1570 2829 1619 2854 ne
1648 2829 1705 2854 ex-

89 2877 266 2915 olvantur
283 2894 296 2918 ,-
329 2879 474 2915 veneris
506 2876 736 2922 abstinentia,
774 2887 823 2912 ne
853 2874 1143 2912 exhauriantur:
1183 2885 1219 2912 at
1247 2875 1390 2913 diaetae
1418 2874 1586 2912 uberiori
1615 2884 1705 2909 con-

89 2933 192 2968 venit
221 2943 355 2969 contra
376 2932 530 2969 somnus
551 2932 703 2980 largior,
738 2930 956 2967 exercitatio
972 2930 1221 2979 frequentior,
1251 2930 1333 2968 usus
1353 2930 1499 2968 veneris
1521 2927 1705 2979 tempesti-

88 2998 168 3023 vuS.
225 2987 359 3024 Balnea
380 2989 417 3025 δε
441 2996 634 3036 unguenta
657 2986 797 3036 (qualia
825 2984 979 3023 fuerunt
1005 2984 1046 3023 in
1075 2983 1155 3033 usu)
1182 2984 1326 3023 deliciis
1354 2985 1481 3035 potius
1510 2994 1625 3032 quam
1653 2984 1703 3020 vi-

90 3050 151 3079 tae
173 3041 438 3092 producendae
471 3041 759 3082 accommodata
784 3039 939 3079 fuerunt
954 3058 970 3085 5
1007 3052 1141 3082 venun
1169 3039 1218 3080 de
1241 3040 1297 3080 his
1321 3039 1510 3087 omnibus,
1539 3049 1627 3076 cum
1656 3036 1703 3072 ad

146 3097 253 3135 VoL.
285 3096 328 3133 11.
843 3096 920 3136 S*2
1581 3092 1703 3140 inqui-

1763 201 1856 247 139
