1973 3570
301 190 777 241 HISTORIA
829 194 1107 242 DENSI
1151 197 1259 244 ET
1314 194 1543 246 RARI.

92 305 169 333 tam
193 304 235 331 ex
251 290 434 330 desiderio
456 303 572 328 nexus
594 293 630 329 ὅ(
651 294 774 330 mutui
790 292 994 339 contaetus,
1023 304 1137 340 quam
1161 305 1203 329 ex
1220 292 1312 329 odio
1332 304 1463 332 motus
1480 296 1516 331 ὅ(
1544 301 1704 338 vexatio-

86 351 156 388 nis.
212 348 343 397 Atque
363 347 453 384 inde
470 346 634 394 sequitur
649 348 868 394 coarctatio,
898 348 1104 393 induratio,
1136 347 1350 385 obstinatio.

144 415 178 442 2.
210 404 297 440 Esr
316 405 354 439 in
370 401 537 455 proceffu
553 403 824 440 contractionis
838 403 1003 453 partium
1023 403 1068 439 ab
1085 404 1184 451 igne,
1214 403 1298 438 finis
1314 405 1350 440 &
1367 404 1571 442 ultimitas:
1601 409 1704 447 Nam

86 457 114 497 fi
141 460 270 496 minor
293 456 335 495 fit
359 459 466 508 copia
488 459 664 495 materiae
690 469 755 506 per
776 459 984 496 violentam
1010 458 1343 508 depraedationem
1370 460 1481 508 ignis,
1519 473 1632 509 quam
1663 476 1702 502 ut

86 514 287 552 cohaerere
328 510 493 565 possint3
537 521 620 549 tum
655 512 812 550 demum
853 512 890 550 se
926 512 1114 559 deserunt,
1158 515 1196 550 δε
1230 514 1489 552 incinerantur
1524 519 1561 553 ὃς
1596 520 1700 555 calci-

85 580 234 607 nantur.

138 623 345 662 Connexio.
377 622 553 673 ATQJE
574 622 622 659 de
644 623 979 669 comraffiontbus,
1009 634 1103 672 quae
1118 622 1213 660 fiunt
1237 622 1283 659 ab
1299 620 1500 662 emiss'10ne
1516 624 1663 675 spiritus
1680 641 1701 666 e

85 679 332 730 corporibus3
367 676 438 714 five
462 679 492 713 is
520 679 713 716 emittatur
738 690 805 729 per
831 689 1003 725 aetatem,
1041 675 1113 716 five
1136 690 1203 728 per
1229 680 1371 727 ignem,
1410 677 1480 717 five
1504 693 1572 732 per
1598 684 1697 721 calo-

83 746 165 772 rem
184 734 446 786 potentialem,
478 732 567 770 haec
590 731 763 781 inquisita
784 732 906 771 sunto.
963 733 1123 770 Aetioni
1146 746 1237 771 vero
1260 734 1492 771 dilatationis
1514 749 1582 787 per
1601 739 1699 776 ealo-

83 802 165 827 rem
196 790 376 825 actualem
394 798 603 835 externum,
635 791 826 838 reciproca
847 789 895 825 est
911 789 1008 825 aeiio
1031 789 1302 825 contraciionis
1321 802 1387 840 per
1410 790 1527 839 frigus
1551 792 1693 832 actuale

83 854 290 882 externum.
347 843 478 891 Atque
493 843 583 880 haec
596 843 843 880 condensatio
859 842 907 881 cst
922 846 1101 880 omnium
1118 845 1278 880 maxime
1290 846 1442 896 propria
1459 847 1496 883 ὅ(
1511 850 1695 895 genuina3

81 900 245 937 maxime
260 908 395 947 potens
411 899 524 934 ctiam
539 898 651 945 foret,
680 896 747 935 nifi
764 899 867 947 quod
883 910 965 936 non
981 898 1161 936 habemus
1176 898 1239 935 hic
1252 900 1349 950 apud
1363 912 1435 937 nos
1450 902 1490 937 in
1507 901 1699 952 superficie

81 965 201 992 terrae
234 954 352 1002 frigus
386 953 541 1001 aliquod
569 953 774 991 intensum.
842 955 971 1003 Frigus
999 964 1127 990 autem
1155 955 1191 990 ὃ(
1223 955 1358 991 caloris
1390 952 1560 994 remissio
1589 957 1697 1008 (nam

80 1020 284 1057 utrumque
309 1009 383 1045 hoc
409 1010 497 1045 loco
518 1009 751 1058 conjungere
771 1007 891 1046 visum
917 1007 982 1057 est)
1009 1009 1079 1044 alia
1098 1006 1326 1057 fimpliciter,
1364 1022 1543 1049 manente
1562 1023 1695 1052 natura

79 1065 154 1111 sua,
191 1063 419 1104 condensam
458 1065 527 1100 alia
554 1063 740 1110 rarefa&a,
774 1062 850 1108 (sed
874 1062 1105 1112 imperfecte)
1131 1062 1309 1104 restituit3
1347 1066 1417 1101 alia
1440 1077 1506 1113 per
1529 1069 1697 1106 conden-

82 1119 267 1157 sationem
282 1121 391 1167 plane
407 1119 518 1156 vertit
534 1120 571 1155 ὃς
586 1118 842 1164 transformat,
863 1117 910 1154 de
925 1128 1060 1155 natura
1074 1119 1115 1154 in
1131 1128 1315 1155 naturam.
1366 1120 1427 1156 De
1441 1120 1498 1157 his
1514 1125 1694 1161 omnibus

80 1175 156 1221 jam
171 1186 285 1226 pauca
306 1173 388 1210 sunt
409 1172 671 1225 proponenda.

319 1263 613 1305 Contrachones
627 1273 822 1320 corporum
830 1274 906 1320 per
909 1255 1049 1319 frigus
1064 1264 1217 1305 aartale
1231 1272 1448 1305 externum.

137 1354 171 1381 1.
201 1341 237 1379 A
248 1354 307 1379 ER
324 1342 364 1378 in
379 1342 482 1379 vitro
498 1341 683 1378 calendari
698 1343 857 1391 percipit
868 1340 1002 1391 gradus
1017 1351 1094 1377 tam
1110 1341 1238 1390 frigidi
1251 1353 1364 1389 quam
1380 1342 1503 1378 calidi.
1558 1341 1691 1392 Atque

77 1398 315 1450 temporibus
337 1396 520 1433 nivalibus
543 1395 650 1445 super
669 1406 779 1446 caput
794 1398 882 1434 vitri
900 1393 1000 1445 quasi
1025 1397 1169 1446 pileum
1188 1408 1231 1433 ex
1252 1398 1339 1435 nive
1358 1396 1575 1448 posuimus
1612 1402 1691 1448 qui,

78 1457 167 1492 licet
190 1456 250 1490 aer
270 1451 345 1501 ipse
368 1452 437 1488 illo
457 1461 630 1500 tempore
644 1451 765 1489 fuiss'et
784 1451 967 1501 hyemalis
990 1453 1026 1488 ὃς
1050 1450 1164 1501 asper,
1191 1462 1322 1488 tamen
1341 1451 1458 1501 frigus
1477 1453 1519 1489 in
1540 1462 1690 1492 tantum

78 1511 191 1555 auxit,
222 1518 263 1545 ut
282 1518 376 1555 aqua
396 1519 461 1556 per
476 1517 613 1555 paucos
633 1507 779 1556 gradus,
809 1508 892 1544 aere
908 1507 1116 1553 contracto,
1147 1507 1368 1556 insurgeret.

134 1575 170 1602 2.
203 1564 353 1601 SUPER
366 1573 442 1599 1Us
465 1561 670 1611 posuimus,
699 1565 824 1599 a'erem
839 1564 881 1599 in
904 1563 1004 1601 vitro
1020 1562 1064 1598 ad
1080 1564 1205 1599 tertias
1225 1573 1291 1611 per
1307 1563 1473 1599 calorem
1488 1555 1687 1602 dilatatum

78 1619 194 1665 fuiffe,
224 1629 334 1666 atque
351 1617 589 1663 tantundem,
611 1618 831 1655 remittente
847 1618 983 1663 calore,
1016 1615 1051 1654 se
1067 1616 1295 1654 contraxisse.

131 1671 344 1713 Mandata,
379 1683 413 1709 1-.
441 1673 805 1710 EXPERIMENTO
834 1673 944 1724 plane
972 1672 1133 1721 dignum
1158 1670 1218 1719 est,
1256 1681 1297 1709 ut
1322 1672 1517 1721 probetur,
1554 1683 1686 1712 utrum

75 1733 137 1767 aet
160 1742 225 1780 per
240 1729 408 1766 calorem
430 1727 603 1765 dilatatus
622 1726 686 1776 figi
709 1729 749 1764 in
765 1728 896 1765 eadem
920 1728 1205 1776 exporrefflone
1223 1722 1350 1779 possit,
1380 1737 1422 1764 ut
1445 1727 1481 1765 se
1496 1726 1687 1767 restituere

77 1787 114 1823 ὅ(
126 1784 348 1822 contrahere
362 1795 444 1819 non
456 1783 613 1819 laboret.
649 1784 775 1830 ltaque
787 1784 911 1834 accipe
923 1784 1064 1820 vitrum
1077 1783 1271 1820 calendare
1283 1780 1487 1830 robustum,
1508 1783 1689 1833 idemque

76 1840 319 1878 vehementer
333 1837 527 1878 calfacit03
555 1837 693 1874 deinde
718 1850 762 1875 os
790 1839 886 1875 benc
902 1838 1092 1884 obturato,
1121 1850 1170 1875 ne
1186 1839 1246 1874 a'e'r
1262 1836 1297 1874 se
1313 1836 1535 1875 contrahere
1549 1836 1687 1888 pofiit;

76 1898 115 1933 &
136 1907 202 1945 per
236 1894 380 1942 aliquot
403 1893 482 1929 dies
513 1892 735 1929 obturatum
754 1893 963 1930 dimittito:
994 1892 1145 1930 Deinde
1168 1894 1209 1929 in
1232 1904 1368 1941 aquarn
1390 1893 1442 1929 ita
1462 1892 1685 1932 obturatum

75 1951 261 1999 metgito;
301 1950 338 1985 ὃ(
362 1947 555 1996 postquam
579 1948 620 1984 in
649 1959 743 1996 aqna
766 1948 892 1994 fuerit,
931 1949 1087 1999 aperito,
1127 1950 1165 1984 δε
1191 1948 1321 1986 videto
1351 1957 1536 1996 quantum
1567 1960 1684 1997 aquae

74 2004 206 2052 trahat,
223 2014 333 2052 atque
353 2009 481 2040 utrum
495 2000 537 2039 fit
552 2002 596 2039 ad
612 2015 695 2039 earn
715 2004 1009 2053 proportionem
1024 2015 1138 2052 quam
1153 2003 1239 2040 alias
1253 2002 1490 2040 tractatui-am
1505 2002 1639 2052 fuisset,
1655 2002 1681 2042 fi

73 2062 216 2100 vitrum
230 2057 351 2095 statim
368 2059 408 2094 in
423 2069 557 2106 aquam
573 2057 694 2095 fuiss'et
713 2058 875 2096 mistum.

126 2116 155 2152 E
167 2124 296 2153 TIAM
309 2113 433 2151 obiter
453 2123 544 2149 nota
571 2110 648 2159 (etsi
667 2113 713 2150 ad
736 2114 890 2151 titulum
906 2114 953 2151 de
978 2113 1102 2151 calido
1117 2115 1154 2150 ὃς
1176 2112 1317 2162 frigido
1330 2113 1457 2162 potius
1480 2114 1678 2162 pertineat)

72 2180 202 2209 utrum
225 2171 284 2206 a'er
309 2169 360 2206 ita
374 2168 524 2204 fortiter
547 2167 719 2206 dilatatus
740 2171 776 2206 ὅ(
796 2181 861 2218 per
884 2171 964 2206 vim
984 2169 1170 2215 detentus,
1200 2169 1358 2205 retineat
1381 2169 1548 2205 calorem
1571 2167 1682 2205 suum

74 2226 200 2264 multo
213 2225 352 2262 diutius
367 2234 481 2272 quam
496 2220 521 2259 fi
541 2234 583 2259 os
597 2224 684 2261 vitri
699 2235 869 2275 apertum
885 2224 1016 2262 fuisset.

127 2276 316 2330 Historia.
351 2289 383 2315 1.
410 2279 635 2316 STELLAE
649 2287 822 2327 tempore
845 2279 1009 2326 hyemali
1025 2278 1198 2315 noctibus
1222 2276 1327 2315 valde
1342 2275 1478 2313 serenis
1493 2277 1529 2314 ὃς
1544 2277 1678 2326 gelidis

71 2345 250 2388 apparent
273 2334 490 2383 grandiores
519 2345 633 2381 quam
656 2333 829 2370 nostibus
852 2331 991 2370 aestivis
1012 2332 1169 2369 serenis:
1208 2331 1325 2383 Quod
1344 2330 1387 2368 fit
1410 2333 1606 2383 praecipue
1632 2339 1677 2370 ex

72 2389 270 2429 universali
285 2387 580 2426 condensatione
595 2389 697 2434 ae'ris,
718 2389 783 2437 qui
799 2398 881 2425 tum
896 2388 1015 2436 vergit
1031 2387 1149 2436 magis
1164 2385 1208 2423 ad
1223 2396 1396 2423 naturam
1412 2398 1550 2435 aquae:
1572 2388 1677 2425 Nam

71 2446 139 2485 sub
154 2456 248 2495 aqua
263 2445 392 2481 omnia
407 2454 582 2495 apparent
597 2444 713 2493 longe
728 2443 938 2492 grandiora.

127 2511 163 2539 2.
196 2502 358 2539 Ronsss
380 2500 557 2536 matutini
572 2497 656 2536 sunt
679 2498 932 2548 proculdubio
947 2506 1112 2546 vapOrCS‚
1142 2497 1206 2545 qui
1231 2497 1271 2533 in
1286 2497 1410 2533 aerem
1433 2508 1570 2546 purum
1593 2509 1677 2535 non

70 2566 176 2594 erant
191 2556 301 2606 plene
316 2549 478 2602 diss'1pati
494 2555 530 2590 &
543 2551 646 2600 verfi,
665 2553 727 2590 sed
741 2553 940 2590 haerebant
956 2550 1172 2601 imperfecte
1187 2549 1296 2598 misti,
1316 2552 1441 2588 donec
1454 2563 1520 2603 per
1535 2551 1678 2601 frigora

70 2612 204 2658 nostis,
232 2608 447 2662 praesertim
464 2609 505 2644 in
524 2609 680 2657 regione
694 2609 819 2646 media
833 2618 946 2656 quam
961 2615 1097 2644 vocant
1112 2607 1215 2654 aeris,
1243 2606 1383 2644 fuerint
1399 2602 1611 2656 repercuffi,
1639 2609 1676 2645 δε

70 2669 112 2705 in
127 2677 262 2715 aquam
277 2662 508 2701 condensati.
1284 2709 1286 2711 ‚

126 2731 162 2772 3.
195 2721 551 2758 CONDENSATIO
578 2718 723 2767 pluviae
753 2720 790 2756 &
814 2718 909 2755 nivis
933 2719 970 2754 ὃ(
992 2717 1186 2766 grandinis
1209 2715 1250 2753 fit
1270 2714 1438 2753 fimilitcr
1463 2728 1529 2767 per
1556 2716 1674 2765 frigus

69 2777 216 2814 mediae
252 2775 429 2824 regionis,
477 2773 582 2821 quod
617 2785 773 2825 vapores
806 2773 977 2821 coagulat
1016 2774 1133 2821 magis
1172 2773 1226 2818 <ut
1254 2772 1480 2823 plurimum)
1517 2766 1556 2807 in
1593 2772 1674 2807 alto

71 2841 329 2880 quam-rores.
389 2830 606 2866 Occurrunt
631 2840 722 2866 vero
748 2828 1003 2867 dubitationes
1028 2828 1135 2873 duae,
1173 2828 1269 2863 circa
1295 2838 1384 2874 quas
1406 2826 1566 2875 diligens
1591 2824 1672 2862 fieri

70 2886 180 2923 debet
206 2882 409 2933 inquisitio.
464 2883 610 2929 Altera,
639 2893 768 2921 utrum
783 2893 909 2932 guttae
934 2881 1101 2934 ipsorum
1117 2883 1365 2931 congelentur
1381 2883 1418 2917 ὃ(
1440 2879 1672 2917 condensen-

71 2951 133 2978 tur
155 2941 195 2977 in
211 2942 291 2992 ipio
314 2938 418 2979 casu;
456 2950 504 2975 an
531 2937 672 2975 fuerint
697 2938 782 2975 illae
807 2938 933 2986 primo
957 2937 1133 2973 collefme
1155 2939 1191 2973 ὅ(
1215 2946 1462 2985 congregatae
1485 2936 1525 2971 in
1552 2935 1674 2972 moles

73 2996 232 3040 majores
256 3005 448 3042 aquarum,
486 2994 527 3030 in
554 2994 638 3030 a'ere
665 2991 835 3043 (propter
863 2991 1071 3029 distantiam
1096 3003 1116 3028 a
1144 2993 1254 3040 terra)
1284 2988 1450 3042 peniiicS,
1488 3001 1582 3037 quae
1606 3002 1671 3041 po-

71 3048 143 3087 stea
166 3060 231 3098 per
257 3047 478 3087 violentiam
507 3049 672 3096 aliquam
701 3046 956 3096 conquaffatae
981 3047 1160 3097 frangunt
1188 3046 1237 3094 se,
1275 3050 1311 3083 ὅ(
1336 3045 1605 3082 comminuunt
1631 3046 1672 3080 in

125 3104 234 3143 VoL.
264 3104 306 3140 11.
854 3104 892 3139 N
1529 3107 1672 3148 guttass

1779 220 1845 268 97
