1973 3570
694 126 1220 179 INDEX.

93 228 219 263 Diaeta
239 225 351 262 strieta
379 225 445 262 &o
478 237 554 262 120.
606 226 817 271 Mensurata,
848 239 926 275 135.

139 279 266 315 Diaeta
285 276 366 324 quid
384 275 465 311 facit
482 277 526 312 ad
544 277 821 325 longaevitatem,
842 289 923 325 139,

139 337 218 371 ¹40·
270 325 380 373 Apud
410 326 549 361 Celsum
580 338 666 374 quae
703 327 924 374 praeferatur,

142 387 222 420 140.
274 376 448 410 Accurata
476 375 619 411 Diaetae
643 376 816 412 ordinatio
845 376 925 425 reji-

134 424 267 464 cienda,
313 435 390 470 143.
445 425 574 460 Tenuis
607 425 646 459 δε
679 426 923 474 Pythagorica,

142 485 221 520 ⁸50·
272 472 416 508 Cornari
435 472 570 516 Veneti,
592 473 670 509 ibid.
708 475 850 510 Diaetae
863 475 924 511 du-

137 524 257 571 plices,
290 524 367 568 187.
419 522 531 558 Statae
560 533 636 565 treS,
669 525 747 560 188.
796 525 923 561 Diaeta

132 571 323 614 familiaris,
349 582 447 618 quae,
471 571 553 608 ibid.
601 572 800 609 Diae-tarum
816 574 923 610 histo.

138 623 200 665 ria,
742 625 823 671 187,
856 625 920 659 188

87 672 257 709 Dilatatio
272 670 432 706 materiae
446 681 507 717 per
518 670 628 706 varios
642 672 777 715 modos,
799 674 857 721 78,
884 673 922 708 &

137 720 206 767 seq.
259 719 480 755 Dilatationis
504 732 691 767 corporum
713 722 787 759 sunt
805 721 922 759 causae

134 769 319 805 efficientes
347 769 487 816 septem,
532 780 612 815 103.
660 769 804 818 Spiritus
837 771 921 806 vita-

136 819 179 854 lis
196 819 320 858 nimia,
345 817 535 858 mortifera,
854 832 920 868 175

84 868 251 907 Diomedes
283 868 455 903 Venerem
490 869 677 913 vulnerans,
723 870 807 918 quid
846 871 920 906 vult

134 919 218 954 haec
235 916 363 959 fabula,
850 919 920 966 367

84 967 255 1013 Dionysius
273 966 485 1013 Areopagita
504 968 762 1015 nonagenarius,
851 981 864 1003 1
871 980 890 1014 3
897 981 917 1015 3

83 1017 283 1055 Direttionis
302 1026 430 1058 motuS,
455 1026 638 1052 ventorum
656 1018 765 1059 causa,
869 1031 918 1065 49

83 1066 307 1115 Diffolutionis
324 1065 454 1107 causae,
486 1078 564 1110 114.
618 1065 786 1112 Diffolutio
808 1067 917 1113 origi-

128 1127 211 1152 nem
227 1114 324 1150 ducit
349 1127 391 1150 ex
417 1114 599 1163 spiritibus,
631 1117 710 1152 181.
762 1116 917 1153 Ubinam

134 1165 271 1200 initium
289 1162 371 1211 ejuS,
850 1168 920 1211 184

82 1214 255 1260 Distillata
272 1213 424 1262 pondere
441 1213 649 1255 decrescunt,
871 1226 914 1262 72

81 1263 278 1311 Dssillatio,
307 1264 366 1308 85,
394 1262 431 1296 &
459 1262 526 1308 seq.
575 1263 758 1306 Distillatio
775 1263 809 1298 in
838 1265 916 1300 vase

130 1313 254 1355 clauso,
272 1310 563 1359 experimentum,
585 1313 638 1358 87.
675 1313 799 1359 Imago
819 1312 918 1348 fami-

129 1363 224 1399 liaris
252 1362 337 1397 roris
368 1361 405 1395 δε
432 1360 585 1407 pluviae,
628 1363 685 1409 98.
734 1362 916 1408 Dssillatio

128 1413 286 1448 ciborum
305 1421 419 1445 merae
437 1421 561 1456 nugae,
847 1411 913 1458 169

80 1464 233 1501 Divinae
250 1471 301 1496 res
319 1460 358 1494 δε
385 1459 552 1495 naturales
579 1471 794 1508 nequaquam
827 1461 916 1497 inter

128 1512 161 1548 se
180 1508 461 1551 committendae,
842 1512 912 1555 258

79 1562 262 1600 Divinatio
286 1558 444 1594 naturalis
470 1558 653 1605 aliquando
679 1559 818 1604 certior,
848 1560 911 1595 ali-

74 1630 76 1632 *
127 1608 268 1659 quando
285 1608 396 1655 magis
413 1607 556 1649 lubrica,
866 1620 912 1656 57

76 1661 195 1702 Dium,
221 1658 282 1694 sub
297 1658 366 1693 Dio
381 1656 511 1699 vivere,
526 1657 725 1700 condensat,
748 1657 827 1699 160,
845 1658 912 1706 167

76 1710 296 1749 Diuturnitas
313 1706 430 1742 aetatis
458 1718 500 1742 ex
527 1708 630 1743 antris
661 1708 701 1742 δε
731 1707 911 1756 speluncis,

133 1771 216 1805 154,
247 1768 324 1803 155.
372 1756 476 1791 Unde
498 1756 675 1804 speranda,
844 1757 910 1792 162

76 1810 259 1846 Dominae
276 1817 342 1841 tres
360 1805 609 1849 revolutiones,
842 1808 913 1843 280

74 1860 257 1896 DoHrinae
274 1856 441 1891 humanae
460 1856 601 1902 partitio
618 1855 759 1904 triplex,
841 1858 909 1892 288

74 1906 272 1945 -Dormiendo
290 1905 420 1940 diutius
435 1904 560 1940 durant
589 1906 754 1942 animalia
783 1903 911 1952 absque

126 1958 303 1997 alimento,
731 1955 811 2002 176,
844 1966 911 2002 177

74 2007 281 2045 Dormientia
297 2003 458 2039 animalia
475 2016 536 2052 per
552 2002 728 2051 hyemem,
843 2016 907 2050 151

73 2058 246 2094 Dormitor
276 2053 463 2095 fabulosus,
505 2052 751 2101 quinquaginta
781 2053 909 2102 septem

119 2116 302 2146 annorum,
322 2102 548 2151 Epimenides
563 2102 747 2147 Cretensis,
842 2114 912 2148 130

73 2156 201 2193 Dubius
221 2155 258 2189 &
275 2154 382 2188 lineae
399 2151 599 2199 spirituum,
842 2154 909 2188 182

74 2205 229 2243 Dulcium
247 2202 322 2239 usus
339 2201 382 2237 ad
400 2201 640 2237 irrorationem
658 2201 815 2250 corporis
831 2214 911 2237 con-

123 2254 206 2296 fert,
841 2251 905 2286 161

71 2303 248 2342 Dulcorati
265 2301 429 2349 liquores,
839 2301 911 2345 164

72 2354 172 2392 Dura
189 2363 258 2388 non
276 2352 353 2386 sunt
370 2349 521 2386 maxime
538 2349 654 2392 densa,
861 2361 906 2395 72

71 2401 254 2440 Durabilia
273 2412 373 2447 quae,
727 2410 807 2444 114,
839 2400 909 2436 160

70 2453 269 2490 Durationes
288 2459 487 2491 ventorum,
511 2450 572 2494 48.
620 2448 772 2484 Duratio
782 2459 907 2496 corpo-

78 2526 80 2528 -
116 2513 195 2537 rum
212 2498 358 2547 duplex,
839 2509 905 2534 112

70 2551 224 2589 Durities
241 2548 420 2584 succorum
436 2546 610 2583 confertur
627 2559 708 2584 curn
719 2547 904 2590 oleofitate‚

727 2597 808 2640 160,
839 2597 902 2632 161

70 2651 237 2689 Durorum
267 2646 493 2693 moniumque
543 2645 744 2683 inteneratio
776 2658 815 2682 ac
847 2646 906 2682 de-

119 2697 311 2748 praedatiO,
725 2707 738 2730 1
746 2697 764 2731 8
772 2707 805 2742 3,
837 2708 850 2731 1
859 2697 907 2741 84

466 2817 510 2855 E.

151 2942 284 2980 Brietas
300 2952 467 2983 extrema,
495 2939 685 2985 mortifera,
835 2947 876 2989 17
881 2953 902 2988 5

178 2992 287 3036 Ebur,
318 3005 331 3028 ι
342 3005 397 3037 14.
447 2990 624 3034 Cordiale,
834 3002 897 3035 141

66 3044 329 3079 Eccentricorum
345 3041 579 3091 epicyclorum
597 3048 770 3087 portenta,
831 3050 902 3087 317

66 3091 178 3128 Echus
194 3090 393 3140 conjugium
409 3103 489 3128 curn
508 3090 599 3126 Pane
616 3088 702 3138 quid
714 3088 902 3138 fignificat,

166 3189 271 3227 Vox..
290 3188 340 3229 11,
832 3149 902 3188 357

979 227 1123 274 Eclipsek
1140 228 1215 265 solis
1233 228 1416 265 comitatur
1433 229 1601 273 serenitas,
1765 243 1812 278 59

978 277 1120 323 Eclipstn
1138 278 1234 314 lunae
1251 280 1343 314 venti
1364 281 1581 326 pmecedunt,
1674 292 1736 326 44,
1764 293 1810 328 59

977 326 1171 373 Ecnephias,
1199 338 1319 363 ventus
1336 330 1563 376 prodigiosus,
1593 329 1649 366 26.
1703 330 1810 367 Erne-

1020 376 1121 422 phiae
1139 377 1261 424 quibus
1280 378 1371 414 venti
1392 379 1489 421 fiunt,
1765 382 1808 426 38

975 424 1110 470 Ecstasis
1126 426 1332 469 voluntaria,
1741 440 1805 475 151

975 473 1137 509 Edacitas
1154 476 1269 511 senum
1289 476 1502 523 quorundam
1521 476 1626 520 unde,
1741 482 1810 514 180

975 523 1139 558 Eleblrum
1182 537 1446 562 monumentum
1490 527 1625 574 regium
1672 525 1809 563 insecto-

1026 584 1118 616 rum,
1742 578 1807 612 181

973 622 1154 665 Elementa,
1173 622 1294 670 opinio
1306 624 1348 659 de
1365 625 1614 672 compositione
1632 634 1744 661 rerum
1764 638 1807 661 ex

1023 682 1167 718 quatuor
1180 673 1366 711 Elementis,
1398 684 1454 720 71.
1508 673 1643 710 Eorum
1659 686 1805 724 propor—

1021 721 1070 756 tio
1086 721 1228 769 decupla
1247 721 1312 757 risu
1330 723 1540 770 excipienda,
1759 735 1804 772 77

973 768 1141 806 Elementa
1157 772 1320 815 aliorum,
1353 772 1463 808 autori
1490 771 1607 807 nostro
1631 771 1805 820 heteroge·

1021 831 1096 863 nea,
1739 824 1801 856 181

972 867 1165 914 Elephantis
1192 879 1281 905 aetas
1312 871 1350 905 δε
1371 870 1516 918 gestatio
1534 870 1566 906 in
1585 880 1695 913 utero,
1726 882 1806 907 122.

1020 917 1104 964 Ejus
1124 919 1257 966 sanguis
1274 921 1432 955 omnium
1452 920 1694 967 frigidissimus,
1725 921 1804 956 ibid.

971 965 1174 1003 Elizabetha
1192 970 1322 1015 regina,
1342 970 1509 1005 mirabilis
1523 970 1608 1004 inter
1623 969 1802 1013 foeminas,

1020 1018 1102 1064 389.
1152 1018 1188 1053 A
1207 1019 1342 1065 privata
1368 1020 1406 1054 &
1431 1018 1571 1054 adversa
1597 1019 1734 1054 fortuna
1759 1021 1805 1055 ad

1018 1077 1164 1113 regnum
1205 1067 1336 1110 evetita,
1387 1069 1465 1104 ibid.
1517 1068 1681 1104 Mensura
1716 1069 1804 1116 regi-

1016 1115 1117 1151 minis
1135 1115 1217 1164 ejus,
1248 1128 1329 1163 390.
1384 1118 1472 1153 Pace
1489 1119 1651 1153 continua
1669 1117 1802 1153 frueba-

1019 1173 1086 1207 tur,
1103 1164 1182 1201 ibid.
1219 1165 1339 1202 Etiam
1358 1166 1390 1201 in
1410 1167 1625 1212 temporibus
1642 1167 1802 1209 turbidis,

1019 1224 1103 1260 391.
1154 1214 1358 1251 Vicinorum
1375 1216 1473 1251 malis
1491 1215 1648 1252 levamen
1667 1217 1705 1250 &
1723 1229 1802 1251 aux-

1018 1262 1131 1304 ilium,
1150 1263 1229 1300 ibid.
1257 1265 1399 1313 Absque
1429 1265 1567 1312 imperii
1586 1265 1803 1301 adminiculis

1016 1312 1185 1359 regnavit,
1212 1312 1291 1349 ibid.
1343 1316 1476 1349 Statura
1496 1314 1565 1362 ejus
1582 1315 1619 1349 δε
1645 1315 1801 1361 corporis

1015 1360 1132 1404 decor,
1151 1372 1235 1408 392.
1288 1363 1399 1405 Mors,
1419 1363 1500 1398 ibid.
1592 1363 1680 1398 uales
1699 1363 1803 1399 mini-

1016 1409 1101 1446 stros
1118 1411 1250 1453 habuit,
1276 1411 1357 1448 ibid.
1410 1411 1494 1466 Ejus
1520 1411 1691 1453 successor,
1719 1411 1801 1449 ibid.

1016 1458 1194 1507 Religiosa
1211 1461 1248 1495 &
1262 1461 1429 1496 moderati
1446 1473 1478 1496 in
1492 1461 1659 1508 religione
1676 1461 1800 1503 animi,

1017 1520 1099 1555 393.
1152 1509 1200 1544 Et
1217 1510 1411 1552 constantis,
1441 1521 1523 1556 395.
1576 1510 1723 1545 Undein
1737 1511 1798 1546 Pa-

1013 1559 1116 1605 pistas
1133 1558 1310 1607 paululum
1332 1559 1492 1601 severior,
1522 1570 1601 1606 394.
1653 1560 1738 1608 Ejus
1755 1561 1801 1596 ad

1011 1608 1159 1644 aulicum
1195 1609 1368 1656 quendam
1404 1608 1597 1656 responsum
1638 1609 1800 1657 prudens,

1017 1668 1097 1704 395.
1152 1658 1247 1700 Coli,
1274 1657 1412 1700 ambiri,
1439 1657 1565 1693 amoris
1590 1658 1727 1694 nomine
1743 1671 1798 1694 ce-

1011 1707 1132 1742 lebrari
1153 1708 1304 1750 volebat,
1715 1707 1794 1745 ibid.

968 1754 999 1787 E
1002 1758 1230 1791 maciationum
1249 1769 1343 1800 cura,
1728 1769 1742 1792 1
1750 1768 1767 1791 2
1776 1761 1795 1793 8

966 1804 1189 1848 Emollientia,
1728 1818 1740 1841 1
1750 1809 1796 1853 58

965 1853 1165 1900 Empedoclis
1182 1855 1225 1891 de
1241 1854 1340 1891 lunae
1360 1854 1538 1892 substantia
1555 1855 1690 1903 opinio,
1723 1868 1795 1903 307

963 1903 1212 1950 Emplastratio,
1240 1906 1364 1952 quibus
1382 1906 1492 1941 usibus
1510 1905 1679 1948 inserviat,
1727 1908 1795 1953 187

963 1953 1171 1999 Endymionis
1187 1953 1227 1989 δε
1255 1954 1352 1991 lunae
1379 1955 1507 1996 fabula,
1533 1954 1666 2002 ejusque
1693 1954 1796 1990 inter-

1012 2013 1166 2049 pretatio,
1724 2015 1794 2051 359

962 2053 1033 2087 Ens
1049 2053 1218 2101 primum,
1242 2053 1519 2102 authupostaton‚
1723 2064 1795 2101 323

961 2102 1101 2137 Entium
1116 2102 1326 2139 conditiones
1356 2103 1390 2138 in
1408 2100 1625 2138 Abecedario
1654 2111 1796 2139 naturae

1008 2151 1196 2199 inquisitae,
1662 2164 1719 2196 14,
1750 2164 1792 2198 15

960 2201 1126 2250 Epicurus
1155 2200 1399 2237 indormiscens
1430 2201 1469 2236 &
1499 2200 1579 2236 sorti
1615 2201 1794 2249 opiniones

996 2251 1240 2294 committens,
1259 2250 1342 2287 260.
1396 2250 1480 2297 Ejus
1497 2250 1624 2294 schola,
1722 2262 1791 2297 295

958 2301 1125 2346 Epicurus
1141 2301 1297 2349 graviter
1315 2300 1585 2347 reprehenditur,
1606 2299 1688 2336 260.
1717 2301 1793 2336 Ab·

1006 2349 1103 2385 surde
1119 2349 1228 2386 fatum
1248 2348 1392 2392 sustulit,
1422 2349 1460 2383 &
1489 2349 1646 2386 fortunae
1675 2350 1792 2385 locum

1007 2398 1118 2441 dedit,
1717 2411 1790 2446 403

958 2448 1040 2494 Epii
1057 2447 1230 2496 longaevi,
1721 2459 1792 2495 134

958 2498 1160 2544 Epimenidis
1188 2506 1293 2540 aetas,
1318 2506 1456 2533 antrum
1484 2496 1523 2532 &
1548 2496 1674 2538 fabula,
1706 2509 1789 2543 130,

1498 2557 1580 2592 Ι43,
1611 2557 1692 2592 15¹»
1723 2558 1791 2592 ¹55

955 2595 1176 2641 Epzstemides,
1200 2607 1303 2644 opera
1321 2594 1471 2631 authoris
1487 2595 1532 2631 fic
1549 2595 1651 2636 dieta,
1717 2598 1787 2641 258

957 2644 1101 2692 Epistola
1115 2646 1242 2681 Baconi
1259 2644 1304 2680 ad
1320 2644 1482 2680 comitem
1496 2643 1792 2684 Sarifburiensem,

1007 2694 1088 2740 346.
1139 2695 1200 2730 Ad
1218 2694 1431 2730 academiam
1452 2692 1785 2738 Cantabrigiensem‚

1005 2754 1088 2790 347.
1115 2743 1176 2779 Ad
1190 2744 1218 2778 F
1220 2744 1422 2791 algentium,
1434 2743 1476 2778 de
1487 2754 1592 2790 opere
1603 2742 1673 2788 ejus
1689 2747 1714 2762 “
1730 2743 1787 2778 In-

1000 2792 1159 2829 stauratio
1177 2792 1440 2841 philosophiae”
1456 2791 1563 2833 dieto,
1588 2802 1673 2838 403.
1725 2787 1787 2827 AB

999 2841 1213 2878 academiam
1242 2840 1570 2887 Cantabrigiensem‚
1598 2852 1666 2887 qua
1683 2840 1785 2877 bene-

1003 2891 1190 2927 volentiam
1208 2891 1302 2927 suam
1320 2891 1354 2925 in
1370 2902 1446 2925 eam
1457 2889 1607 2932 testatur,
1622 2899 1706 2933 404.
1724 2890 1785 2926 Ad

1002 2940 1161 2984 eandem,
1178 2940 1316 2977 hortans
1333 2949 1369 2974 ut
1383 2939 1557 2974 incumbat
1576 2939 1788 2986 Augmentis

1003 2989 1234 3032 scientiarum,
1251 3000 1336 3034 405.
1387 2988 1447 3023 Ad
1461 2987 1670 3024 academiam
1687 2988 1786 3032 Oxo-

999 3038 1167 3082 niensem,
1190 3039 1309 3075 eadem
1342 3038 1494 3080 hortans,
1520 3036 1599 3073 ibid.
1647 3037 1785 3073 Acade-

1003 3087 1092 3124 miae
1109 3088 1313 3124 Oxonienfis
1329 3087 1374 3122 ad
1391 3087 1578 3128 Baconum,
1594 3085 1674 3122 ibid.
1722 3086 1786 3122 Ba·

1000 3137 1079 3176 coni
1089 3137 1132 3174 ad
1142 3137 1329 3186 collegium
1341 3136 1376 3219 Sf.
1386 3135 1425 3219 ἔτ.
1434 3135 1548 3172 Indiv.
1560 3135 1742 3218 Trinigtis
1750 3136 1786 3172 in

1317 3185 1345 3222 F
1412 3185 1430 3219 f
1691 3193 1785 3221 anta·
