1973 3570
114 241 218 289 ,314

665 216 1036 264 THEMA
1129 217 1474 270 (LOELI.

276 318 420 372 (quoad
452 319 740 370 explicationem
772 315 966 367 materiae)
1006 329 1027 354 a
1066 327 1164 354 terra
1197 319 1233 354 δὲ
1264 330 1357 366 aqua
1387 318 1434 354 ad
1466 318 1588 360 aerem
1616 320 1674 355 vel
1705 319 1867 357 maxime

276 375 432 414 crassum
467 377 503 413 &
533 374 784 412 nebulosum?
820 373 951 420 Atque
973 372 1061 409 haec
1086 383 1214 409 tamen
1241 382 1372 409 natura
1401 379 1481 409 tam
1510 372 1678 409 distantia
1707 385 1867 425 corpora

275 432 365 469 loco
386 433 423 468 ὅς
446 428 633 480 superficie
651 429 946 477 conjunguntur,
966 425 1041 464 sine
1058 427 1187 464 medio
1207 438 1269 463 aut
1289 425 1496 464 intervallo.
1556 428 1639 463 Nec
1662 430 1792 465 minor
1805 423 1867 465 sal-

276 496 335 524 tus
354 484 496 537 (quoad
512 494 682 522 naturam
704 483 988 530 substantialem)
1018 494 1038 519 a
1066 483 1222 531 regione
1255 482 1346 518 aeris
1373 481 1419 518 acl
1442 479 1637 531 regionem
1665 483 1786 533 lunae,
1815 485 1870 520 in-

279 553 370 590 gens
385 539 551 577 similiter
571 553 591 577 a
611 539 721 576 coelo
736 539 846 575 lunae
871 536 916 574 ad
932 537 1083 574 coelum
1100 536 1295 573 stellatum.
1354 538 1480 585 Itaque
1494 533 1521 572 fi
1548 537 1630 583 quis
1645 539 1870 575 continuum

279 600 317 632 ὃ(
346 596 572 644 contiguum
596 594 778 643 acceperit
798 605 878 629 non
909 604 951 629 cx
973 593 1093 629 modo
1123 603 1250 637 nexus,
1284 590 1345 628 sed
1369 604 1411 628 ex
1441 588 1646 628 diversitate
1667 603 1886 642 corporumv

280 661 557 696 connexorum,
590 658 663 686 tres
701 648 792 693 illas,
825 659 914 695 quas
934 647 1094 683 diximus
1123 644 1303 695 regiones,
1333 648 1371 682 in
1397 643 1575 682 limitibus
1595 643 1664 683 suis
1687 658 1758 697 pro
1782 642 1871 684 con-

281 703 392 754 tiguis
407 715 554 741 tantum
576 703 702 741 haberi
722 712 871 750 queant.
922 701 1009 754 jam
1025 714 1115 738 vero
1127 701 1333 737 videndum
1350 699 1493 749 liquido
1514 702 1549 736 ὅτ
1565 699 1766 751 perspicue,
1782 698 1873 738 haec

280 759 403 796 nostra
418 759 463 796 dc
479 757 680 795 substantiis
698 757 897 804 systematis
912 756 1070 801 theoria,
1087 767 1180 804 quae
1192 757 1227 791 ὃ(
1244 756 1365 803 qualia
1381 764 1504 804 neget,
1527 757 1562 791 ὅ(
1582 765 1674 803 quac
1700 755 1736 791 ὅτ
1751 756 1872 804 qualia

281 810 452 858 affirmet,
474 823 514 849 ut
538 811 678 849 facilius
706 809 822 847 teneti
846 811 903 847 vel
933 808 1066 846 destrui
1091 805 1216 859 possit.
1271 811 1396 859 Negat
1425 809 1519 846 illud
1544 810 1749 858 vulgatum,
1769 809 1881 848 flam-⁴

282 879 383 904 mam
408 867 477 904 effe
506 869 629 904 aerem
654 864 870 904 incensum3
912 861 1136 901 affirmando
1167 875 1327 913 corpora
1355 863 1415 901 illa
1443 864 1522 900 duo
1551 865 1676 900 aetem
1710 865 1872 902 &flam-

282 934 384 958 mam
412 922 521 971 plane
548 920 616 957 effe
644 920 905 968 heterogenea,
931 918 1038 955 instar
1067 931 1181 968 aquae
1221 922 1255 955 ὃ(
1285 917 1371 964 olei,
1408 918 1591 967 sulphuris
1617 920 1654 955 δί
1682 921 1868 957 mercurii.

282 978 407 1025 Negat
427 988 587 1013 vacuum
608 976 701 1011 illud
717 984 975 1011 coacervatum
993 971 1163 1011 Gilbertz'
1180 974 1279 1011 inter
1293 974 1429 1023 globos
1445 972 1592 1023 sparsOS,
1610 973 1670 1010 scd
1687 973 1799 1023 spatia
1810 975 1872 1013 vel

283 1033 385 1067 a'e’rca
414 1031 471 1068 vel
496 1030 669 1068 flammea
693 1039 823 1066 natura
852 1026 994 1079 repleri.
1051 1031 1176 1079 Negat
1211 1029 1340 1066 lunam
1365 1027 1434 1065 effe
1461 1038 1595 1077 corpus
1617 1028 1873 1076 aqueumffe!

282 1084 442 1122 densum
457 1086 515 1123 vel
543 1084 718 1131 solidum,
743 1083 803 1120 sed
825 1096 867 1121 ex
896 1093 1026 1121 natura
1042 1084 1227 1131 flammea,
1251 1084 1338 1120 licet
1357 1083 1459 1120 lenta
1489 1084 1524 1119 ὅ(
1547 1083 1685 1130 enervi,
1707 1084 1874 1133 primum

283 1139 423 1177 scilicet
438 1138 695 1177 rudimentum
712 1141 748 1176 6<
768 1137 1021 1176 sedimentum
1037 1139 1216 1176 ultimum
1231 1138 1403 1176 flammae
1429 1136 1589 1175 coelestis
1604 1151 1614 1178 3
1657 1149 1745 1175 cum
1771 1138 1876 1176 flam-

283 1206 346 1231 ma
368 1193 586 1241 (secundum
603 1193 834 1243 densitatem)
861 1205 942 1230 non
961 1195 1087 1231 minus
1112 1205 1224 1243 quam
1253 1195 1315 1230 aer
1334 1195 1370 1230 δ(
1390 1191 1564 1242 liquores,
1584 1193 1806 1231 innumeros
1820 1205 1876 1231 re-

283 1248 393 1299 cipiat
410 1249 553 1299 gradus.
607 1246 798 1296 Affirmat‚
827 1248 1018 1286 flammam
1051 1260 1137 1286 vere
1177 1250 1214 1285 ὅ(
1241 1249 1402 1286 libenter
1428 1250 1589 1285 locatam
1616 1246 1679 1296 figi
1721 1249 1757 1284 ὅς
1785 1258 1875 1286 con⁴

285 1303 384 1351 stare,
408 1317 489 1341 non
510 1305 636 1341 minus
658 1317 772 1353 quam
799 1306 925 1340 aerem
950 1304 1009 1340 vel
1036 1314 1181 1355 aquam,
1207 1315 1276 1341 nec
1309 1302 1379 1340 effe
1402 1314 1484 1340 rem
1501 1305 1878 1341 momentaneam‘&

286 1355 522 1397 successivam
547 1369 694 1397 tantum
715 1360 754 1396 in
776 1360 880 1395 mole
903 1357 976 1405 sua,
1000 1370 1064 1407 per
1086 1360 1373 1395 renovationem
1394 1359 1431 1394 ὅ(
1444 1356 1681 1404 alimentum,
1695 1367 1740 1395 ut
1757 1357 1819 1396 hic
1831 1357 1876 1396 fit

284 1414 382 1463 apud
398 1426 479 1451 nos.
535 1411 715 1451 Affirmat
735 1413 928 1450 flammam
943 1412 1077 1449 habere
1093 1422 1265 1450 naturam
1290 1410 1465 1449 coitivam
1487 1412 1547 1448 vel
1575 1413 1878 1463 congregativam

286 1466 326 1505 in
360 1469 508 1518 globOS‚
532 1468 856 1517 quemadmodum
884 1477 1015 1504 natura
1042 1477 1172 1518 terrea,
1205 1465 1364 1504 minime
1396 1464 1558 1503 similem
1577 1467 1653 1503 a'eri
1679 1469 1715 1504 &
1746 1479 1876 1516 aquae,

285 1534 379 1572 quae
393 1533 669 1573 congregantur
683 1524 724 1559 in
739 1520 889 1559 orbibus
910 1523 946 1558 ὃς
961 1520 1160 1559 interstitiis
1174 1521 1393 1571 globorum,
1413 1521 1475 1558 sed
1490 1521 1672 1569 nusquam
1685 1523 1726 1559 in
1740 1523 1876 1572 globos

287 1575 463 1628 integros.
520 1574 712 1624 Affirmat,
741 1577 900 1615 eandem
927 1586 1099 1613 naturam
1122 1576 1339 1614 flammeam
1371 1575 1410 1614 in
1433 1577 1522 1613 loco
1545 1575 1700 1626 proprio
1729 1576 1786 1627 (id
1807 1576 1876 1627 est)

286 1634 399 1670 coelo
427 1633 569 1671 stellato
593 1631 709 1683 spargi
738 1632 1079 1682 glomerationibus
1106 1630 1270 1679 infinitis,
1296 1632 1347 1669 ita
1372 1642 1499 1669 tamen
1530 1642 1572 1668 ut
1604 1643 1686 1668 non
1718 1642 1874 1670 exuatur

288 1687 443 1725 dualitas
458 1687 531 1734 illa,
547 1687 703 1725 aetheris
724 1690 760 1724 ὅ(
778 1685 910 1733 sideris,
933 1698 1003 1723 nec
1022 1687 1266 1724 continuetur
1289 1687 1439 1724 flamma
1468 1685 1506 1723 in
1535 1698 1755 1738 empyreum
1782 1687 1876 1725 inte⁹

286 1754 409 1792 grum.
465 1739 657 1790 Affirmat,
674 1741 787 1779 sidera
806 1753 907 1780 veras
925 1741 1093 1778 flammas
1108 1741 1188 1788 effe,
1204 1741 1264 1779 sed
1279 1742 1444 1779 actiones
1461 1741 1634 1778 flammae
1653 1743 1694 1778 in
1713 1742 1876 1779 coelesti-

289 1798 356 1834 bus
378 1796 599 1845 neutiquam
626 1797 821 1834 trahendas
850 1796 896 1833 ad
918 1794 1081 1833 actiones
1114 1796 1287 1833 flammae
1311 1797 1465 1843 nostrae,
1490 1807 1648 1845 quarum
1678 1796 1877 1847 pleraeque

288 1864 355 1903 per
389 1853 558 1889 accidens
584 1862 734 1890 tantum
771 1851 1058 1903 perfunguntur.
1113 1847 1291 1888 Affirmat
1318 1851 1508 1888 aetherem
1531 1850 1812 1888 interstellarem
1838 1854 1876 1890 &C

285 1905 400 1945 sidera
421 1906 556 1944 habere
576 1909 740 1945 rationes
762 1907 807 1944 ad
827 1905 986 1944 invicem
1009 1903 1099 1942 a‘e'ris
1125 1908 1161 1943 ὅ(
1177 1906 1264 1943 flam
1273 1919 1372 1953 mae,
1397 1905 1457 1943 sed
1473 1905 1685 1943 sublimatas
1700 1906 1879 1944 &testifi-

284 1971 392 1999 catas.
447 1961 580 2010 Atque
613 1963 659 1999 de
691 1959 887 1999 substantia
917 1959 1090 1998 thematis
1119 1959 1190 1999 five
1223 1960 1421 2010 systematis
1449 1959 1618 2009 universi,
1660 1960 1877 2006 hujusmodi

287 2015 471 2065 quaedam
491 2027 704 2054 occurrunt.
760 2018 877 2055 Nunc
892 2016 938 2053 de
960 2016 1126 2053 motibus
1159 2015 1371 2054 coelestium
1399 2016 1615 2063 dicendum,
1639 2017 1741 2062 cujus
1762 2014 1877 2066 gratia

286 2070 377 2109 haec
395 2070 624 2109 adduximus.
683 2070 993 2109 Consentaneum
1020 2070 1166 2108 videtur
1187 2082 1230 2108 ut
1266 2071 1367 2120 quies
1389 2084 1471 2109 non
1498 2071 1653 2108 tollatur
1682 2083 1702 2107 e
1729 2080 1874 2118 natura,

287 2124 495 2163 secundum
517 2126 671 2175 aliquod
699 2136 827 2163 totum
866 2125 967 2173 (nam
998 2125 1045 2163 de
1067 2125 1254 2177 particulis
1277 2138 1378 2163 nunc
1402 2138 1482 2163 non
1511 2124 1560 2162 est
1581 2123 1735 2173 sermo.)
1791 2127 1878 2165 Hoc

288 2177 421 2230 (miffis
436 2182 588 2230 argutiis
602 2180 798 2218 dialefficis
815 2183 850 2217 ὅ(
865 2179 1151 2231 mathematicis)
1185 2193 1227 2218 ex
1247 2193 1294 2218 eo
1317 2183 1480 2218 maxime
1510 2179 1638 2228 liquet,
1666 2180 1770 2229 quod
1788 2179 1876 2218 inci-

288 2234 447 2273 tationes
471 2238 507 2272 &
528 2235 732 2272 celeritates
753 2245 930 2272 motuum
956 2235 1168 2273 coelestium
1192 2237 1386 2274 remittant
1413 2235 1449 2273 se
1475 2247 1539 2285 per
1565 2236 1711 2285 gratim,
1739 2244 1782 2273 ut
1814 2236 1876 2274 de-

288 2289 417 2327 siturae
438 2292 478 2328 in
494 2289 645 2339 aliquod
674 2289 884 2337 immobile,
908 2292 944 2327 &
967 2290 1070 2338 quod
1100 2292 1213 2328 etiam
1240 2290 1406 2328 coelestia
1433 2291 1654 2340 participent
1682 2302 1724 2327 ex
1750 2288 1875 2338 quiete

287 2344 491 2383 secundum
510 2347 645 2395 polos3
680 2347 716 2382 &
731 2345 847 2394 quod,
870 2343 896 2382 si
917 2346 1072 2382 tollatur
1092 2343 1302 2393 immobile,
1328 2345 1535 2383 diffolvitur
1560 2349 1594 2382 δ(
1624 2344 1807 2397 spargit-ur¹
1822 2345 1875 2394 sy*-

285 2399 410 2437 stema.
466 2401 582 2453 Qod
601 2398 627 2438 fi
654 2398 696 2437 fit
710 2398 940 2437 coacervatIO
960 2400 1143 2448 quaedam
1167 2403 1203 2437 δε
1231 2400 1339 2437 massa
1368 2410 1519 2438 naturae
1548 2399 1764 2448 immobilis,
1793 2411 1876 2438 non

286 2454 433 2492 videtur
453 2454 605 2493 ulterius
620 2455 889 2504 quaerendum,
921 2456 1013 2503 quin
1041 2467 1083 2491 ea
1108 2453 1149 2492 sit
1172 2456 1308 2504 globus
1333 2466 1464 2492 terrae.
1522 2454 1751 2507 Compatstio
1770 2456 1876 2492 enim

268 2507 400 2545 'densa
429 2511 614 2547 &arctata
643 2508 817 2547 materiae
845 2508 987 2547 inducit
1016 2508 1294 2559 dispositionem
1319 2522 1404 2559 erga
1432 2520 1584 2548 motum
1603 2508 1877 2559 torpescentem

282 2563 326 2598 ’δί
345 2563 523 2606 aversam3
551 2564 875 2613 quemadmodum
896 2574 1026 2602 contra
1040 2565 1237 2614 explicatio
1256 2565 1348 2611 laxa,
1377 2576 1591 2615 promptam
1613 2566 1672 2603 vel
1698 2562 1872 2602 habilem.

288 2617 427 2667 Neque
441 2619 538 2656 male
553 2619 764 2656 introducta
774 2619 822 2656 est
835 2631 855 2655 a
871 2615 960 2656 Tele
974 2631 1008 2656 zo
1024 2618 1105 2670 (qui
1121 2618 1326 2657 instauravit
1337 2619 1612 2671 philosophiam
1623 2615 1876 2656 Parmenidis

258 2680 262 2682 “
288 2672 327 2707 &
341 2670 606 2721 disputationes
624 2673 662 2711 in
678 2673 776 2711 libro
790 2674 836 2711 de
850 2674 975 2724 primo
990 2673 1141 2724 frigido)
1166 2676 1206 2711 in
1234 2684 1406 2711 naturam
1426 2687 1506 2712 non
1537 2684 1635 2711 certe
1664 2672 1875 2711 coessentia-

289 2723 370 2762 litas
389 2729 426 2762 ὃς
442 2729 662 2777 conjugatio
687 2728 808 2779 (quod
833 2727 895 2766 ille
909 2727 1007 2779 vult)
1029 2729 1090 2766 sed
1106 2739 1233 2766 tamen
1266 2726 1423 2766 affinitas
1458 2733 1494 2767 ὅ(
1516 2727 1754 2779 conspiratio,
1776 2727 1875 2766 vide-

287 2781 375 2817 licet
392 2793 433 2817 ex
453 2782 565 2818 altera
580 2793 693 2830 parte,
717 2782 835 2830 calidi,
855 2782 980 2830 lucidi,
1009 2785 1132 2821 tenuis
1152 2786 1189 2820 &
1217 2782 1393 2821 mobilis:
1438 2787 1474 2821 ὅς
1500 2796 1541 2821 ex
1566 2793 1667 2832 parre
1696 2781 1874 2832 opposita,

252 2841 256 2846 “
288 2834 425 2884 frigidi,
441 2834 556 2884 opaci,
572 2836 683 2883 densi,
707 2837 960 2875 &immobilis
976 2856 990 2881 ,-
1020 2838 1202 2888 ponendo
1217 2838 1342 2876 sedem
1365 2837 1505 2891 primae
1528 2836 1813 2888 conspirationis
1834 2834 1875 2875 in

252 2899 255 2901 ’
283 2891 410 2935 coelo,
436 2889 614 2927 secundae
630 2892 669 2926 in
689 2902 792 2929 terra.
847 2894 963 2945 Quod
978 2891 1003 2930 fi
1026 2903 1187 2943 ponatur
1202 2895 1306 2942 quies
1319 2896 1354 2931 &
1371 2891 1577 2938 immobile,
1602 2891 1748 2931 videtur
1762 2890 1874 2931 eiiam

286 2945 379 2992 poni
394 2944 529 2982 debere
546 2954 674 2981 motus
694 2946 829 2994 absque
848 2949 1015 2984 termino
1031 2951 1067 2985 ὅ(
1082 2948 1227 2986 summe
1244 2947 1397 2994 mobile,
1414 2949 1575 2984 maxime
1593 2948 1631 2983 in
1648 2945 1788 2984 naturis
1806 2954 1873 2996 op-

251 3010 254 3012 ·
287 2996 421 3046 positis.
478 3001 511 3036 Is
525 3008 651 3036 motus
666 2999 714 3035 est
741 2999 817 3037 fere
833 3004 1044 3050 rotationis,
1072 3001 1190 3051 qualis
1210 3001 1396 3040 invenitur
1424 3001 1463 3039 in
1485 3014 1622 3052 genere
1645 3000 1683 3039 in
1711 2999 1875 3039 coeltfli-

251 3063 260 3099 j
283 3054 367 3089 bus.
423 3052 714 3102 Agitatloenim
730 3052 766 3089 in
783 3053 926 3093 circulo
948 3056 1155 3094 terminum
1182 3068 1263 3094 non
1286 3057 1409 3102 habet,
1440 3060 1473 3094 ὃ(
1490 3057 1637 3093 videtur
1665 3064 1821 3094 manare
1832 3068 1874 3093 ex

245 3118 255 3123 ·
287 3106 450 3158 appetitu
465 3109 646 3161 corporis,
669 3108 773 3157 quod
785 3120 914 3148 movet
930 3109 1177 3150 solummodo
1191 3122 1233 3149 ut
1250 3121 1412 3159 moveat,
1432 3114 1466 3149 ὃ(
1485 3111 1519 3149 se
1536 3110 1718 3160 sequatur,
1740 3114 1776 3149 ὃ(
1792 3122 1875 3170 pro-

1775 3176 1875 3215 prios
