1973 3570
508 173 995 252 coelTaTA
1061 174 1169 222 ET
1229 174 1453 234 visA‚
1489 180 1572 249 δερ.

242 273 535 328 farioportuiffe‚
564 275 668 324 quod
684 276 721 312 ὅς
741 275 816 320 jam
845 274 882 312 se
911 273 1032 311 fecisse
1055 273 1275 315 arbitratum
1303 286 1373 312 nec
1399 272 1565 312 universa
1588 286 1683 324 quae
1704 275 1779 313 huc
1798 276 1853 315 us-

244 345 318 386 que
332 332 429 370 dieta
444 331 542 378 sunt,
570 333 648 368 alio
661 329 825 367 tendere.
881 329 1077 367 Postremo
1105 329 1224 366 visum
1240 328 1289 366 est
1305 331 1351 376 ei,
1380 327 1405 366 fi
1418 329 1505 378 quid
1526 329 1564 367 in
1580 330 1637 367 his
1653 342 1747 379 quae
1762 330 1855 368 dista

246 389 346 435 sunt,
373 397 437 425 aut
464 385 650 431 dicentur,
679 385 772 422 boni
802 383 1024 431 inveniatur,
1062 384 1101 421 id
1127 394 1307 433 tanquam
1331 382 1478 435 adipem
1508 383 1672 421 fixerificii
1689 387 1776 422 Deo
1797 387 1853 422 di—

246 442 333 490 cari,
362 444 399 480 &
415 440 634 479 hominibus
649 440 695 476 ad
710 440 783 477 Dei
804 436 1100 486 similitudinem,
1129 439 1220 476 sano
1245 437 1378 476 affeetu
1394 441 1429 476 ὅ(
1457 438 1634 477 charitate
1649 440 1852 478 hominum

246 499 395 538 bonum
410 495 710 547 procurantibus.

249 732 486 815 Epistola
501 731 760 790 Thomae
792 732 983 789 Bodlei
1012 733 1098 788 ad
1113 730 1373 789 Francise.
1408 734 1713 806 Baconum,
1744 715 1859 813 quai.

335 818 568 874 candide
611 818 864 898 expendit
892 816 1002 892 ejus
1035 818 1280 896 Cogitata
1328 814 1405 884 δέ)
1439 819 1570 892 Vasti
1588 842 1605 873 :
1653 817 1857 900 Latine

331 905 489 978 vmstz
505 923 572 958 ex
604 901 870 983 Anglico,
915 900 987 957 ab
1019 901 1200 958 lsaaeo
1231 900 1487 958 GruterO.

350 1115 540 1160 1N1TO,
569 1114 675 1163 quod
708 1113 802 1152 mihi
842 1112 1050 1161 statueram,
1089 1123 1275 1166 tempore,
1303 1125 1391 1151 cum
1419 1115 1531 1152 laxius
1559 1123 1595 1152 te
1628 1113 1748 1151 feriari
1778 1116 1856 1166 opi-

371 1181 491 1216 narer,
522 1168 574 1206 bis
591 1179 694 1206 terve
708 1172 749 1207 in
764 1168 958 1222 proeinCtu
973 1169 1063 1218 steti,
1093 1180 1134 1208 ut
1155 1167 1286 1219 gratias
1315 1169 1459 1206 ailurus
1483 1180 1521 1207 te
1550 1170 1702 1216 adirem,
1730 1172 1859 1220 potius

247 1226 288 1264 id
304 1237 324 1263 a
344 1236 406 1262 me
435 1221 516 1261 fieri
535 1225 672 1261 debere
698 1235 796 1263 ratus
824 1236 954 1262 coram
982 1237 1095 1275 quam
1123 1236 1187 1274 per
1205 1223 1338 1261 literas.
1397 1224 1470 1262 Sed
1491 1222 1685 1276 proposito
1714 1224 1858 1274 semper

247 1281 385 1327 injesta
399 1279 551 1317 fuerunt
567 1278 764 1328 obstacula,
793 1291 834 1317 ut
849 1282 884 1316 &
900 1291 1003 1316 nunc
1017 1275 1200 1318 Fulhami
1220 1291 1282 1316 me
1307 1279 1450 1316 detinet
1466 1278 1642 1328 gravioris
1666 1282 1856 1317 momenti

248 1334 460 1385 negotium,
489 1334 593 1386 quod
624 1334 847 1372 sententiam
876 1346 1029 1383 quoque
1058 1347 1183 1372 meam
1210 1334 1347 1384 scripto
1379 1334 1636 1371 mandandum
1667 1333 1849 1384 persuasit.

249 1391 346 1428 Non
361 1390 519 1436 dubitem,
547 1391 640 1438 quin
655 1389 829 1438 Cogitata
844 1392 881 1427 ὃ(
901 1388 987 1427 Visa
1002 1400 1065 1426 tua
1088 1390 1246 1438 legerim
1260 1405 1273 1430 ,-
1303 1389 1415 1425 testor
1438 1387 1474 1425 id
1494 1388 1633 1427 fastum
1647 1401 1667 1425 a
1683 1401 1743 1426 me
1759 1388 1857 1427 sum-

249 1456 312 1480 ma
328 1456 417 1482 cum
431 1444 635 1493 voluptate,
667 1457 753 1481 cum
780 1444 817 1481 id
832 1443 1015 1496 praecipui
1036 1442 1173 1480 amoris
1188 1453 1455 1492 argumentum
1479 1445 1711 1493 interpreter,
1748 1445 1853 1492 quod

249 1499 381 1537 habeas
396 1511 458 1534 me
488 1500 529 1534 in
546 1508 702 1535 tuorum
726 1510 902 1545 numero,
931 1499 1066 1547 quibus
1082 1497 1287 1536 censendos
1307 1497 1417 1536 offers
1442 1498 1584 1548 ingenii
1606 1498 1661 1535 tui
1683 1502 1858 1536 nondum

251 1554 445 1603 evulgatos
458 1553 613 1589 labores.
671 1554 763 1605 Quo
778 1555 938 1591 nomine
952 1553 1092 1602 ferme,
1122 1553 1271 1602 quaeso,
1301 1554 1390 1591 haec
1405 1552 1604 1591 dicentem.
1663 1553 1803 1601 Primo,
1832 1553 1859 1591 fi

250 1608 391 1645 intimo
406 1619 493 1657 erga
506 1617 544 1644 te
557 1606 716 1655 affeci-ui,
746 1607 945 1658 ingenium
959 1619 1081 1657 tuum,
1109 1608 1272 1646 aCtiones
1302 1612 1338 1646 &
1353 1608 1545 1646 sermones
1565 1609 1602 1646 id
1618 1608 1780 1660 pretium
1806 1609 1858 1645 di-

250 1673 410 1710 ceretur,
439 1662 543 1711 quod
558 1663 614 1699 tui
629 1663 670 1700 in
695 1675 757 1700 me
785 1663 921 1701 amoris
937 1663 998 1711 est,
1027 1666 1154 1702 liceret
1174 1664 1265 1701 haec
1280 1659 1419 1701 mutuis
1443 1666 1582 1714 illigata
1604 1663 1858 1715 complexibus

249 1716 388 1755 sociari.
447 1718 519 1755 Sed
535 1717 660 1754 omnis
675 1718 885 1756 excluditur
900 1718 1042 1770 paritas,
1070 1720 1135 1757 ubi
1151 1731 1191 1756 ea
1219 1719 1325 1756 sortis
1354 1718 1496 1756 nostrae
1519 1717 1706 1768 disparitas
1731 1718 1792 1765 est,
1821 1722 1859 1756 ὃ(

248 1783 328 1810 tam
356 1774 473 1822 longe
501 1769 693 1819 diffident,
721 1772 853 1824 quibus
877 1774 982 1811 favor
1002 1776 1178 1825 utrinque
1199 1773 1319 1812 noster
1348 1776 1504 1823 probare
1528 1773 1562 1810 se
1588 1773 1732 1810 nititur.
1789 1775 1858 1811 Me

248 1826 374 1876 itaque
402 1828 505 1878 quod
529 1829 676 1874 attinet,
707 1841 748 1865 ex
778 1828 852 1865 sese
876 1830 939 1865 illa
954 1829 1132 1866 aestimari
1147 1832 1340 1882 permitto,
1371 1832 1407 1866 ἃ
1435 1840 1589 1866 aeterno
1609 1828 1858 1866 observantiae

245 1895 346 1919 nexu
362 1881 513 1920 habebis
544 1894 606 1919 me
627 1884 697 1919 tibi
713 1880 1043 1921 devinffissimum.
1100 1884 1165 1921 Ad
1181 1883 1302 1934 operis
1327 1886 1382 1922 tui
1404 1894 1669 1934 argumentum
1691 1894 1733 1920 ut
1760 1896 1859 1920 aece-

251 1937 354 1984 dam,
382 1937 430 1974 est
450 1937 489 1973 id
503 1939 627 1986 ampla
647 1937 807 1975 maxime
836 1937 1036 1988 insignium
1060 1938 1357 1991 speculationum
1387 1938 1590 1989 congeries,
1621 1949 1661 1975 ut
1686 1939 1724 1974 in
1747 1938 1859 1976 adrni-

253 1993 443 2029 rationem
469 2004 531 2028 me
553 1991 665 2041 rapiat
697 1992 785 2044 (qua
807 2004 989 2046 perpetuo
1018 2006 1079 2031 me
1101 1994 1264 2031 defixum
1290 1996 1446 2042 tenebis)
1477 1995 1580 2042 quod
1610 1992 1774 2031 civilibus
1797 2006 1859 2030 ne-

259 2045 370 2096 gotiis
401 2043 701 2098 occupatissimus
723 2051 760 2085 &
789 2048 933 2086 summe
959 2051 1067 2086 acciti
1097 2049 1177 2096 otii,
1207 2048 1340 2098 quibus
1355 2051 1504 2087 nullum
1526 2049 1673 2101 prorsus
1695 2060 1782 2085 eum
1799 2050 1860 2086 de·

257 2100 426 2139 clamatis
460 2100 499 2138 in
523 2101 648 2138 schola
676 2104 915 2153 dogmatibus
943 2106 1218 2142 commercium
1247 2105 1306 2151 est,
1335 2103 1513 2153 quicquid
1541 2114 1669 2141 tamen
1693 2105 1860 2153 optimae

251 2155 369 2205 frugis
384 2156 596 2193 recondunt
610 2156 845 2195 scientiarum
859 2161 1066 2211 praecipue,
1094 2159 1128 2196 id
1152 2172 1268 2196 omne
1289 2156 1562 2197 accuratissir'no
1589 2158 1722 2195 seleclhi
1746 2157 1859 2195 trans—

251 2209 380 2248 tuleris
407 2209 447 2247 in
476 2210 560 2249 libri
580 2212 637 2248 tui
660 2214 867 2250 materiam.
923 2215 1149 2266 Quanquam
1177 2216 1282 2252 enim
1314 2215 1451 2252 alieubi
1479 2214 1624 2264 prorsus
1647 2213 1812 2251 declines
1839 2225 1860 2251 a
1897 2261 1899 2264 Α

254 2264 341 2302 trita
357 2267 621 2315 &pervulgata
645 2266 685 2304 in
701 2266 832 2305 scholis
859 2269 1022 2306 docendi
1050 2271 1208 2316 ratione,
1237 2282 1330 2321 quae
1353 2269 1449 2322 apud
1477 2270 1616 2306 nullius
1637 2280 1716 2305 non
1739 2267 1860 2318 gentis

256 2323 294 2357 ὅ(
310 2319 442 2358 saeculi
457 2319 632 2372 sapientes
647 2321 772 2360 habita
786 2322 855 2362 fuit
871 2325 979 2361 unica
994 2323 1069 2361 veri
1084 2337 1220 2362 norma
1235 2339 1244 2365 3
1272 2335 1399 2362 tamen
1421 2323 1510 2361 &in
1533 2326 1605 2361 illis
1621 2326 1656 2361 ἃ
1681 2322 1859 2372 quicquid

257 2385 345 2411 toto
359 2374 502 2412 moliris
518 2387 643 2428 opere,
672 2376 850 2415 artificem
866 2389 902 2416 te
927 2379 1036 2416 nobis
1049 2380 1184 2428 probas
1203 2379 1362 2417 versatili
1380 2379 1609 2416 dexteritate.
1665 2379 1724 2415 De
1739 2390 1801 2415 me
1821 2378 1870 2416 id.

256 2429 376 2466 fateor
397 2440 530 2477 exerte,
560 2429 586 2467 fi
608 2432 818 2470 institutum
842 2433 1022 2486 spectetur
1050 2446 1124 2482 qua
1152 2436 1192 2471 in
1222 2433 1442 2471 eruditionis
1472 2433 1666 2471 latifundia
1689 2435 1858 2478 excurrit,

258 2485 532 2535 excerpendum
561 2497 622 2523 me
651 2486 885 2526 literatorum
912 2487 1025 2538 gregi.
1083 2490 1187 2526 Cum
1211 2499 1340 2526 tamen
1369 2491 1419 2525 ita
1446 2499 1621 2539 prompte
1644 2489 1783 2525 vocatis
1813 2488 1859 2525 ad

258 2537 313 2574 tui
340 2540 509 2577 tractatus
530 2540 725 2579 censuram
739 2541 879 2590 amicis,
909 2543 1033 2581 audire
1056 2544 1217 2580 libenter
1231 2544 1327 2581 velle
1342 2542 1505 2590 videaris,
1533 2542 1558 2580 fi
1574 2543 1663 2592 quid
1685 2541 1776 2579 mihi
1796 2554 1859 2580 aut

258 2591 335 2630 aliis
361 2597 564 2632 occurrerit
591 2596 805 2635 decretorio
828 2599 1130 2636 confodiendum
1157 2597 1264 2647 stylo,
1293 2610 1341 2635 co
1363 2611 1424 2635 me
1450 2599 1637 2635 redae'lum
1653 2597 1786 2645 sentio,
1817 2609 1857 2635 ut

258 2646 438 2693 judicium
462 2660 591 2686 meum
619 2649 847 2690 disfimulare
877 2666 955 2690 non
976 2655 1096 2699 liceat,
1134 2664 1333 2705 aperteque
1358 2654 1546 2690 contestor
1575 2665 1616 2689 ex
1640 2664 1772 2689 corum
1797 2666 1860 2690 me

257 2712 432 2749 numero,
468 2705 533 2753 qui
556 2704 732 2744 solidiora
759 2707 829 2744 effe
856 2707 1017 2745 statuunt
1052 2706 1186 2745 artium
1217 2709 1425 2745 nostrarum
1453 2708 1708 2753 fundamenta,
1746 2719 1858 2758 quam

258 2767 338 2794 tota
370 2757 630 2796 diss'ettationis
663 2771 747 2799 tuae
778 2761 883 2799 series
911 2761 1086 2800 admittit.
1142 2764 1272 2800 Primo
1300 2765 1404 2800 enim
1432 2775 1520 2800 cum
1549 2760 1676 2807 objicis
1704 2759 1859 2799 sinistros

257 2821 410 2849 eventus
436 2814 472 2849 ὅ(
501 2823 639 2850 errores
666 2816 843 2866 prafficae
873 2817 1090 2864 medicinae,
1119 2830 1200 2855 non
1225 2817 1372 2867 ignoras
1401 2816 1489 2854 mali
1520 2815 1555 2853 id
1584 2817 1788 2854 redundare
1815 2830 1858 2854 ex

257 2867 424 2915 neglecta
440 2867 525 2904 artis
541 2869 677 2917 regula.
733 2872 836 2909 Nam
852 2885 900 2910 ne
924 2871 1142 2910 centesimus
1163 2871 1316 2924 quidem
1343 2873 1509 2909 medicae
1524 2870 1707 2908 cautionis
1738 2871 1857 2908 obser-

258 2931 408 2958 vantem
437 2921 472 2959 se
493 2923 655 2970 praebet,
686 2925 721 2960 ὃ(
742 2937 782 2962 ea
797 2927 999 2978 aliquando
1025 2929 1122 2977 aegri
1145 2929 1314 2976 corporis
1337 2926 1554 2964 constitutio
1577 2926 1636 2971 est,
1666 2938 1707 2963 nt
1737 2927 1859 2964 exaeie

256 2976 385 3012 doceri
410 2975 599 3013 medicum
626 2989 706 3014 non
740 2982 909 3029 patiatur.
965 2983 1108 3019 Paucos
1141 2981 1242 3019 enim
1273 2979 1441 3031 reperias,
1487 2982 1551 3028 qui
1576 2981 1684 3017 rebus
1713 2979 1759 3017 fic
1789 2981 1860 3018 sese

258 3029 477 3068 habentibus
505 3032 600 3069 recte
635 3031 669 3069 se
698 3033 890 3084 explicent.
947 3036 1006 3073 Est
1035 3039 1071 3073 ὃ(
1094 3035 1158 3073 ubi
1186 3037 1330 3073 malum
1354 3048 1396 3072 ex
1425 3034 1459 3070 se
1483 3037 1549 3071 arti
1574 3035 1702 3072 cedere
1732 3035 1857 3082 nescit,

257 3085 362 3135 quod
385 3087 426 3123 in
446 3085 573 3124 multis
601 3087 744 3125 morbis
772 3089 942 3127 accidens
969 3090 1038 3128 effe
1062 3090 1184 3131 nosti;
1213 3091 1439 3139 quandoque
1469 3091 1565 3127 &in
1586 3091 1715 3127 abdito
1743 3089 1858 3136 causa,

1747 3157 1858 3195 quam
