1973 3570
599 242 1025 293 HISTORIA
1096 237 1591 286 VENTORUM.

305 354 446 387 certam
473 346 586 385 efficit
610 346 924 397 praedictionenu
962 343 987 380 fi
1011 344 1130 381 variae
1155 344 1192 378 ὃς
1219 337 1460 388 compositae,
1497 349 1678 384 tanquam
1708 351 1750 375 ex
1779 349 1911 379 natura

307 408 344 442 δ(
368 403 462 450 casu,
491 404 672 440 fallacem.
730 401 913 437 Attamen
942 401 1054 435 etiam
1076 399 1114 433 in
1145 395 1309 439 subjecto
1329 395 1444 438 vario,
1478 391 1503 429 fi
1529 393 1730 441 diligenter
1756 396 1909 434 eanoni-

306 470 424 504 zetur‚
454 459 598 495 tenebit
622 455 823 506 praedictio
844 464 883 491 ut
908 455 1136 502 plurimum;
1172 451 1354 497 temporis
1375 447 1474 484 forte
1499 457 1697 484 momenta
1716 461 1798 485 non
1828 450 1912 486 affe-

308 525 454 562 quetur,
485 525 503 549 a
533 525 571 548 re
593 524 673 548 non
697 510 859 546 multum
881 509 1028 544 errabit.
1086 506 1191 557 Quin
1217 505 1331 540 etiam
1354 502 1479 550 quoad
1499 512 1670 549 tempora
1697 514 1850 541 eventus
1875 507 1912 542 ὅ(

307 568 580 617 complementi
601 565 809 603 nonnullae
832 563 1101 612 praedictiones
1118 561 1200 596 satis
1224 568 1330 594 certo
1350 557 1613 602 collimabunt‚
1643 569 1706 594 eae
1727 559 1913 606 videlicet,

307 635 400 672 quae
418 623 612 658 sumuntur
629 632 709 657 non
730 631 749 654 a
764 615 885 663 caulis,
913 629 1044 656 verum
1059 618 1104 653 ab
1120 613 1193 664 ipsa
1210 625 1247 649 re
1268 614 1341 657 jam
1358 611 1544 657 inchoata,
1574 610 1636 647 sed
1652 613 1760 649 citius
1776 612 1811 650 se
1826 625 1912 662 pro-

307 678 420 714 dente
442 679 480 713 in
496 677 648 713 materia
668 674 835 724 proclivi,
865 675 900 709 &
916 673 1033 721 aptius
1053 666 1224 719 dispolita
1243 678 1355 714 quam
1370 668 1409 703 'm
1425 668 1513 707 alia÷
1546 676 1586 702 ut
1607 667 1647 702 in
1661 669 1797 716 topicis
1812 670 1911 706 circa

308 732 410 769 hune
427 742 474 781 32
498 732 696 767 articulum
713 728 876 776 superius
891 727 1061 763 diximus.
1121 721 1360 772 Prognostica
1381 723 1493 769 igitur
1510 731 1713 758 ventorum
1734 723 1810 768 jam
1825 735 1910 771 pro-

308 798 505 835 ponemus,
545 783 746 820 miscentes
773 781 956 818 nonnihil
982 779 1182 816 necess'ario
1210 776 1256 812 dc
1286 775 1530 824 prognosticis
1560 776 1768 823 pluviarum
1796 780 1832 815 ὅ(
1860 778 1910 815 se-

308 842 488 886 renitatis,
517 851 609 886 quae
635 839 730 874 bene
745 835 890 872 distrahi
911 847 991 871 non
1015 843 1210 882 poterant5
1240 830 1301 866 sed
1324 830 1452 875 justam
1468 831 1514 866 de
1538 830 1611 866 illis
1626 829 1912 880 inquisitionem

310 896 470 944 propriis
490 894 609 930 titulis
630 893 875 928 remittentes,
1401 939 1407 946 ι
1448 937 1460 943 ἢ
1523 939 1530 946 ⁵

367 961 397 985 1.
431 950 531 993 Sor,
560 945 585 982 fi
611 948 736 982 oriens
767 953 938 981 cernatur
971 954 1165 987 concavus,
1195 941 1297 977 dabit
1323 950 1373 975 eo‘
1400 942 1480 987 ipio
1495 938 1556 975 die
1584 949 1718 976 ventos
1748 951 1813 978 aut
1841 943 1911 980 im-

309 1004 410 1042 brcs;
441 1000 466 1038 fi
494 1010 661 1052 appareat
681 1010 860 1047 tanquam
885 999 1016 1035 leviter
1041 1006 1243 1041 excavatus,
1272 1004 1426 1034 ventos;
1455 992 1480 1030 fi
1507 1005 1615 1032 cavus
1638 996 1679 1031 in
1703 995 1910 1045 profundo,

306 1056 455 1094 imbres.
1616 1097 1619 1098 ⁷

364 1123 397 1148 2.
431 1113 479 1148 81
501 1109 556 1146 sol
578 1111 718 1146 oriatur
739 1107 895 1158 pallidus
911 1109 947 1143 ὅ(
970 1106 1024 1153 (ut
1040 1118 1110 1143 nos
1133 1105 1342 1153 loquimur)
1365 1115 1513 1152 aqueus,
1543 1102 1700 1142 denotat
1719 1106 1908 1155 pluviam5

308 1164 334 1202 fi
355 1166 500 1202 occidat
515 1165 684 1214 pallidus,
714 1174 882 1200 ventum.

366 1231 399 1270 ᾖ.
433 1222 481 1257 81
508 1231 641 1269 corpus
661 1218 782 1267 ipsum
808 1217 892 1254 solis
914 1219 953 1253 in
974 1215 1104 1252 occasu
1124 1225 1295 1252 cernatur
1319 1224 1499 1261 tanquam
1520 1213 1780 1264 sanguineum,
1806 1229 1907 1267 prae-

309 1274 489 1321 monstrat
504 1286 661 1324 magnos
676 1284 810 1311 ventos
825 1275 864 1308 in
880 1273 1002 1320 plures
1017 1271 1105 1306 dies.

362 1340 399 1378 4.
431 1331 479 1366 81
496 1331 534 1365 in
551 1339 681 1366 exortu
699 1328 795 1373 solis,
826 1328 917 1363 radii
933 1327 1009 1371 ejus
1026 1325 1231 1373 spes-Ttantur
1252 1325 1357 1363 rutili
1374 1335 1455 1360 non
1469 1322 1566 1371 flavi,
1595 1324 1753 1361 denotat
1767 1322 1910 1375 pluvias

308 1386 432 1432 potius
447 1396 560 1432 quam
578 1393 734 1423 vent053
764 1382 952 1429 idemque,
980 1379 1005 1417 fi
1021 1382 1110 1416 tales
1125 1389 1323 1428 appareant
1344 1380 1384 1415 in
1401 1377 1544 1415 occasu.

366 1450 399 1487 5.
432 1440 479 1476 81
502 1440 541 1474 in
567 1448 653 1475 ortu
668 1448 729 1474 aut
753 1435 884 1473 occasu
900 1435 986 1472 solis
1010 1434 1216 1483 spectantur
1232 1434 1324 1470 radii
1345 1434 1422 1478 ejus
1446 1443 1625 1480 tanquam
1641 1435 1825 1473 conti-acu
1843 1446 1907 1474 aut

308 1495 454 1540 curtati,
482 1505 604 1541 neque
624 1494 794 1529 eminent
817 1491 984 1537 illustres,
1013 1490 1101 1526 licet
1121 1489 1238 1526 nubes
1261 1485 1390 1534 absint,
1420 1485 1597 1536 fignificat
1623 1490 1764 1527 imbres
1782 1493 1910 1540 potius

307 1560 419 1596 quam
435 1558 579 1586 ventos.

361 1604 396 1638 6.
429 1605 476 1639 81
497 1613 582 1639 anre
597 1611 725 1638 ortum
741 1600 827 1638 solis
850 1599 1045 1637 ostendent
1060 1599 1094 1636 se
1112 1599 1203 1635 radii
1230 1597 1500 1648 praecursores,
1525 1600 1561 1635 ὅ(
1581 1609 1739 1637 ventum
1752 1600 1911 1640 denotat

307 1658 344 1694 δε
358 1655 506 1694 imbres.

362 1721 397 1758 7.
429 1713 476 1748 81
501 1713 540 1748 in
556 1720 692 1748 exortu
713 1709 799 1747 solis
819 1711 984 1759 porrigat
1006 1708 1061 1745 sol
1085 1708 1207 1745 radios
1222 1721 1243 1744 e
1269 1707 1443 1755 nubibus,
1472 1708 1608 1745 medio
1628 1707 1715 1745 solis
1736 1721 1847 1748 mane
1871 1721 1910 1749 te

307 1776 492 1816 cooperto
513 1766 686 1812 nubibus,
714 1763 929 1814 significabit
956 1764 1142 1812 pluviam3
1171 1764 1332 1799 maxime
1348 1760 1374 1799 fi
1398 1774 1595 1811 erumpant
1612 1764 1704 1800 radii
1724 1765 1780 1801 illi
1800 1767 1909 1803 deor.-

308 1820 401 1867 fum,
431 1831 471 1858 ut
487 1820 541 1857 sol
562 1829 731 1857 cernatur
746 1830 925 1867 tanquam
942 1818 1135 1855 barbatus:
1163 1818 1281 1871 Qod
1295 1815 1319 1853 fi
1341 1818 1431 1854 radii
1448 1829 1645 1867 erumpant
1666 1830 1686 1855 e
1701 1819 1911 1859 medioaut

308 1873 467 1923 sparlim,
495 1876 588 1913 orbe
607 1875 789 1912 exteriore
809 1884 994 1925 cooperto
1018 1872 1194 1921 nubibus,
1221 1884 1375 1922 magnas
1397 1873 1499 1910 dabit
1514 1873 1746 1925 tempestates
1770 1877 1807 1912 <Se
1821 1888 1908 1914 ven-

308 1939 438 1966 torum
453 1932 490 1967 &
506 1930 701 1967 imbrium.,

365 1983 399 2021 8.
434 1985 482 2021 81
512 1984 566 2022 sol
596 1986 722 2021 oriens
736 1984 899 2033 cingitur
919 1984 1074 2029 circulo,
1116 1996 1136 2020 a
1164 1995 1235 2032 qua
1264 1992 1366 2034 parte
1395 1983 1426 2018 is
1453 1982 1612 2019 circulus
1639 1982 1677 2020 se
1710 1986 1911 2035 aperuerit,

308 2039 517 2090 expectetur
548 2050 702 2080 ventu53
744 2036 796 2076 fin
829 2048 933 2076 totus
966 2039 1124 2076 circulus
1157 2039 1359 2087 aequaliter
1390 2037 1598 2084 defluxerit,
1641 2038 1744 2076 dabit
1773 2038 1908 2077 sereni-

308 2103 438 2131 tatem.

357 2159 395 2194 9.
427 2149 449 2185 S
460 2160 475 2185 1
490 2148 554 2185 sub
565 2147 736 2185 occasum
750 2147 836 2184 solis
847 2158 1015 2199 appareat
1027 2148 1123 2184 eirca
1133 2159 1219 2184 eum
1232 2148 1392 2184 circulus
1402 2145 1592 2193 candiduS‚
1607 2148 1728 2185 levem
1750 2148 1912 2188 denotat·

306 2203 560 2252 tempestatem
585 2203 716 2239 eadem
743 2202 877 2243 noete3
916 2201 941 2239 si
966 2213 1044 2239 ater
1069 2213 1131 2240 aut
1156 2201 1355 2249 subfuscus,
1383 2212 1515 2240 ventus
1539 2213 1722 2251 magnum
1747 2204 1788 2240 in
1801 2203 1906 2243 diem

311 2256 539 2304 sequentem.
1894 2301 1897 2304 ,

366 2322 426 2347 10.
459 2313 507 2348 S1
537 2311 652 2348 nubes
672 2310 865 2348 rubescant
891 2313 1083 2349 exoriente
1111 2311 1200 2359 sole,
1229 2312 1448 2363 praedicunt
1477 2320 1657 2353 ventums
1694 2313 1906 2362 occidente,

307 2364 480 2402 serenum
501 2366 539 2401 in
555 2365 752 2413 posterum.

369 2431 426 2457 11.
457 2421 504 2456 81
530 2418 596 2457 sub
618 2430 788 2458 exortum
810 2420 896 2457 solis
919 2421 1127 2470 globabunt
1152 2420 1188 2457 se
1212 2421 1328 2459 nubes
1355 2431 1474 2472 prope
1500 2419 1630 2468 solem,
1670 2422 1903 2462 denunciant

307 2473 445 2510 codem
460 2474 520 2510 die
535 2472 788 2522 tempestatem
802 2474 963 2523 asperam
976 2490 986 2517 ς
1015 2477 1119 2523 quod
1134 2473 1159 2512 fi
1180 2475 1225 2512 ab
1240 2486 1329 2513 ortu
1349 2476 1587 2525 repellantur,
1617 2479 1654 2514 &
1668 2478 1714 2514 ad
1728 2477 1904 2517 occasum

309 2528 476 2574 abibunt,
505 2528 752 2565 serenitatem.

366 2593 426 2619 12.
458 2584 504 2620 S1
531 2584 570 2619 in
586 2593 716 2620 exortu
741 2582 826 2620 solis
841 2583 1095 2635 dispergantur
1116 2584 1233 2621 nubes
1258 2596 1278 2621 a
1292 2585 1466 2623 lateribus
1488 2584 1588 2633 solis,
1616 2587 1710 2625 aliae
1732 2597 1902 2638 petentes

306 2635 479 2683 austrum,
509 2638 597 2674 aliae
621 2637 935 2686 septentrionem3
963 2641 1050 2677 licet
1072 2637 1114 2677 sit
1137 2641 1288 2680 coelum
1312 2639 1485 2677 serenum
1500 2642 1596 2678 circa
1618 2641 1741 2691 ipsum
1765 2640 1899 2690 solem,

308 2690 573 2743 praemonstrat
588 2702 730 2730 ventos.

367 2757 380 2782 1
390 2757 424 2796 3.
457 2747 504 2783 81
519 2745 571 2782 sol
589 2745 653 2783 sub
665 2748 763 2783 nube
775 2747 956 2785 condatur
968 2748 1156 2796 occidens,
1176 2748 1339 2800 pluviam
1351 2750 1507 2787 denotat
1523 2751 1563 2786 in
1574 2748 1762 2799 posterum
1775 2752 1876 2790 diem
1888 2767 1900 2794 ;

307 2801 410 2848 quod
425 2799 449 2837 fi
469 2801 578 2852 plane
593 2802 693 2851 pluet
710 2803 906 2839 occidente
929 2801 1017 2849 sole,
1045 2813 1180 2844 ventos
1200 2805 1347 2856 potius:
1376 2806 1443 2842 Sin
1456 2805 1575 2842 nubes
1591 2805 1787 2843 videantur
1801 2806 1902 2856 quali

308 2855 403 2891 trahi
419 2855 540 2893 versus
556 2855 685 2900 solem,
717 2858 752 2892 ὅ(
772 2868 906 2894 ventos
921 2859 957 2894 &
971 2857 1235 2909 tempestatem.

366 2919 426 2958 14.
458 2911 501 2947 81
517 2910 645 2956 nubes,
666 2912 855 2949 exoriente
871 2911 960 2959 sole,
987 2913 1183 2951 videantur
1197 2926 1279 2950 non
1294 2914 1437 2952 ambire
1452 2912 1582 2960 solem,
1603 2911 1667 2950 sed
1681 2914 1901 2954 incumbere

307 2964 342 3000 ci
357 2963 522 3013 desuper,
541 2975 719 3012 tanquam
734 2964 896 3015 eclipsim
911 2967 1081 3014 facturae,
1102 2969 1334 3020 portendunt
1345 2978 1478 3007 ventos
1493 2980 1536 3005 ex
1551 2980 1594 3004 ea
1605 2978 1708 3019 parte
1722 2971 1901 3018 orituros,

306 3029 379 3066 qua
394 3020 478 3056 illac
499 3019 616 3057 nubes
630 3020 902 3060 inclinaverint.
959 3022 1074 3074 Quod
1093 3021 1118 3060 fi
1132 3023 1206 3063 hoe
1225 3023 1362 3062 faciant
1381 3022 1553 3070 meridie,
1582 3024 1736 3062 &venti
1756 3024 1848 3064 fient
1862 3028 1899 3063 «Sc

309 3073 456 3111 imbres.

1773 3135 1899 3182 1581.
