1973 3570
129 223 224 274 242
389 202 493 255 DE
544 200 813 254 FLUXU
863 201 963 250 ET
1014 201 1409 249 REFLUXU
1464 202 1739 248 MARIS.

322 307 569 344 SUPEREST
586 303 778 352 inquisitio
797 305 917 341 tertia.
975 303 1097 342 Unde
1117 304 1154 340 ἃ
1169 302 1371 350 quomodo
1389 301 1450 339 fiat
1467 304 1713 354 reciprocatio
1728 303 1876 341 illasex-

269 362 419 400 horaria
437 361 613 407 aestuum,
642 372 735 408 quae
756 359 888 396 incidit
903 358 942 395 in
962 358 1212 406 quadrantem
1240 367 1366 394 motus
1398 358 1525 393 diurni
1558 370 1646 394 eum
1666 357 1879 396 differentia

272 428 388 466 quam
415 417 598 454 diximus?
640 415 682 452 Id
710 425 752 452 ut
786 415 1030 463 intelligatur,
1060 412 1288 463 supponatur
1317 412 1450 449 orbem
1466 422 1648 449 terrarum
1665 412 1877 450 universum

271 484 366 524 aqua
393 471 594 520 cooperiri,
634 481 675 507 ut
699 471 740 506 in
767 469 912 507 diluvio
934 469 1114 518 generali.
1171 465 1429 504 Existimamus
1451 479 1573 514 aquas,
1608 469 1746 516 quippe
1772 478 1812 505 ut
1837 470 1879 505 in

271 527 366 565 orbe
385 528 548 576 integro,
586 537 708 573 neque
729 525 926 573 impedito,
954 523 1098 574 semper
1124 523 1163 558 in
1184 522 1376 573 progressu
1400 521 1433 558 sc
1457 533 1718 559 commoturas
1741 523 1786 559 ab
1806 524 1878 559 ori-

273 592 363 619 ente
384 581 425 619 in
452 580 690 618 occidentem
714 577 865 628 lingulis
889 579 1019 615 diebus
1041 578 1087 615 ad
1111 588 1256 614 certum
1277 577 1432 625 aliquod
1457 576 1615 628 spatium
1644 577 1769 625 (itique
1794 589 1878 626 pro-

273 637 375 674 festo
390 648 472 673 non
488 647 680 684 magnum,
710 634 761 671 ob
777 634 1052 671 exsolutionem
1068 635 1104 670 &
1119 633 1402 670 enervationem
1417 633 1554 669 virium
1570 631 1631 677 huj
1638 644 1677 668 us
1697 642 1824 670 motus
1839 633 1880 670 in

274 690 451 728 confiniis
476 691 608 737 terrae)
635 700 722 726 cum
743 701 784 725 ex
806 690 909 726 nulla
935 698 1038 737 parte
1057 687 1208 732 objectu
1229 697 1348 724 terrae
1373 688 1626 737 impediantur
1648 698 1775 735 aquae,
1813 695 1878 724 aut
1928 698 1934 707 ·

273 747 535 783 cohibeantur.
593 745 833 795 Supponatur
856 743 990 788 rursus,
1020 753 1161 779 terram
1185 743 1333 779 unicam
1359 741 1519 778 insulam
1543 742 1623 783 effe,
1661 753 1819 790 eamque
1840 743 1882 780 in

273 800 517 849 longitudine
545 796 732 847 exporrigi
757 798 857 834 inter
886 797 1047 834 austrum
1070 799 1106 833 ὅ(
1132 796 1415 848 septentriones,
1453 809 1547 844 quae
1574 797 1697 833 forma
1725 808 1768 833 ac
1796 794 1883 834 situs

274 865 428 892 motum
453 853 499 890 ab
522 855 669 889 oriente
693 854 734 888 in
757 852 997 888 occidentem
1021 853 1183 887 maxime
1203 851 1344 888 fraenat
1366 853 1401 888 ἃ
1422 851 1598 892 obstruit3
1636 849 1883 888 existimamus

273 921 386 958 aquas
415 906 564 945 cursum
585 907 693 944 suum
722 906 907 943 dii-cetum
936 908 972 943 ὅ(
999 907 1206 943 naturalem
1225 905 1271 942 ad
1290 916 1437 955 tempus
1458 907 1695 955 perresturaS,
1724 905 1783 943 sed
1805 918 1882 943 rur-

274 964 334 1002 sus
361 963 406 999 ab
433 961 553 999 insula
572 962 636 998 illa
662 960 883 1010 repercussas
910 961 1059 1010 paribus
1087 961 1291 999 intervallis
1315 961 1536 1010 relapsuras;
1573 960 1697 1010 itaque
1726 959 1880 998 unicum

275 1027 425 1056 tantum
449 1016 592 1067 fluxum
618 1018 731 1053 maris
754 1017 796 1053 in
819 1016 880 1053 die
906 1016 1075 1054 futurum
1098 1015 1214 1063 fuisse,
1253 1018 1290 1053 ὅς
1315 1017 1471 1053 unicum
1493 1015 1662 1054 fimiliter
1686 1015 1883 1062 refluxum,

275 1083 390 1121 atque
411 1072 552 1108 horum
564 1069 716 1121 singulis
737 1072 885 1109 circiter
904 1071 1109 1109 duodecim
1129 1071 1238 1108 horas
1258 1071 1484 1108 attributum
1500 1073 1556 1108 iri.
1614 1072 1744 1119 Atque
1767 1082 1883 1123 pona<

277 1138 340 1165 tur
368 1128 442 1173 jam
474 1126 591 1174 (quod
615 1138 746 1164 verum
771 1125 821 1164 est
842 1128 880 1164 &
904 1126 1044 1164 fastum
1068 1125 1205 1178 ipsum)
1229 1136 1368 1163 terram
1389 1128 1429 1163 in
1456 1126 1545 1164 duas
1571 1124 1706 1164 insulas
1729 1124 1885 1164 divisam

277 1182 361 1229 effe,
390 1183 525 1220 veteris
546 1180 685 1218 scilicet
707 1184 743 1219 ἃ
762 1183 854 1220 novi
871 1182 973 1219 orbis
995 1182 1097 1228 (nam
1113 1192 1214 1219 terra
1228 1181 1388 1218 australis
1408 1179 1477 1218 situ
1495 1181 1561 1218 suo
1584 1193 1662 1218 rem
1677 1179 1781 1218 istam
1799 1192 1882 1218 non

276 1248 509 1286 magnopere
531 1234 718 1284 disturbat,
749 1237 1075 1285 quemadmodum
1098 1249 1169 1274 nec
1185 1233 1448 1274 Groenlandz'a
1471 1248 1532 1273 aut
1557 1234 1683 1274 Nova
1705 1232 1882 1283 Zembla)

278 1291 413 1341 easque
437 1292 563 1328 ambas
585 1290 721 1329 insulas
745 1304 810 1341 per
833 1302 907 1330 tres
931 1291 1009 1329 fere
1033 1292 1169 1329 mundi
1191 1304 1308 1328 zonas
1329 1293 1527 1341 exporrigi,
1566 1293 1664 1328 inter
1693 1300 1782 1338 quas
1807 1290 1886 1327 duo

277 1345 411 1384 oceani
434 1344 671 1384 Atlanticus
687 1345 898 1385 &australis
921 1347 1158 1393 interfluunt,
1189 1349 1226 1384 ὃ(
1249 1345 1314 1396 ipsi
1333 1358 1527 1396 nunquam
1542 1345 1608 1383 nili
1628 1345 1750 1383 versus
1772 1346 1886 1395 polos

278 1403 422 1452 pervii3
452 1400 700 1439 existimamus
724 1402 924 1439 necess'ario
947 1401 1061 1449 sequi,
1091 1412 1131 1438 ut
1152 1402 1230 1438 duo
1246 1400 1300 1436 isti
1322 1402 1449 1437 obices
1463 1411 1636 1438 naturam
1661 1401 1819 1450 duplicis
1832 1412 1887 1436 re-

282 1458 554 1506 ciprocationis
593 1456 784 1494 universae
811 1458 909 1493 moli
942 1467 1122 1503 aquarum
1159 1453 1345 1492 insinuent
1371 1457 1407 1492 &
1428 1458 1728 1502 communicent,
1765 1458 1802 1493 &
1821 1454 1883 1492 fiat

283 1511 468 1560 quadrans
494 1512 558 1547 ille
578 1520 707 1548 motus
726 1509 874 1552 diurni3
911 1521 953 1548 ut
981 1509 1083 1558 aquis
1106 1509 1243 1547 scilieet
1263 1512 1454 1558 utrimque
1479 1511 1665 1557 fraenatis‚
1703 1511 1822 1548 fluxus
1851 1512 1887 1548 &

282 1565 444 1603 refluxus
462 1566 575 1602 maris
600 1566 656 1602 bis
680 1567 721 1602 in
746 1566 820 1612 die,
848 1577 914 1617 per
936 1565 1047 1615 spatia
1070 1564 1207 1603 seilicet
1228 1565 1285 1603 sex
1306 1566 1499 1612 horarum,
1535 1566 1571 1603 se
1592 1566 1761 1617 explicet,
1800 1577 1888 1602 cum

282 1621 419 1670 duplex
446 1619 510 1657 fiat
524 1616 724 1671 processio,
754 1623 791 1658 ὃς
814 1620 948 1672 duplex
965 1621 1097 1657 itidem
1120 1617 1358 1670 repercussio.
1413 1622 1502 1658 Illac
1519 1634 1609 1660 vero
1633 1622 1726 1658 duae
1750 1619 1890 1658 insulae

282 1673 310 1712 fi
329 1675 439 1712 instar
461 1674 717 1723 cylindrorum
739 1685 801 1712 aut
827 1677 1105 1722 columnarum,
1134 1688 1199 1727 per
1222 1688 1310 1724 quas
1335 1678 1662 1725 exporrigerentur
1686 1677 1811 1724 aequis
1836 1675 1889 1711 di-

284 1728 541 1767 menfionibus
566 1732 603 1767 &
626 1731 732 1767 rcffis
753 1732 956 1777 littoribus,
994 1731 1102 1768 facile
1122 1731 1450 1778 demonstraretur,
1480 1734 1516 1768 &
1540 1730 1653 1769 cuivis
1674 1740 1888 1768 occurreret

284 1786 349 1822 iste
372 1794 512 1830 motus,
541 1787 606 1833 qui
630 1786 706 1831 jam
730 1795 832 1823 tanta
855 1787 1033 1823 varietate
1053 1784 1234 1835 positurae
1256 1796 1375 1823 terrae
1391 1788 1428 1823 ὃς
1450 1788 1562 1822 maris
1586 1786 1770 1824 confundi
1789 1786 1888 1831 vidc-

287 1850 351 1878 tur
372 1842 408 1876 ὃς
424 1839 623 1877 obscurari.
681 1842 819 1889 Neque
842 1842 956 1878 etiam
980 1841 1029 1877 est
1048 1837 1202 1878 difficile
1225 1842 1480 1886 conjesturam
1496 1853 1624 1890 capere
1649 1842 1889 1888 nonnullam,

281 1896 433 1944 qualem
449 1894 501 1931 isti
524 1896 648 1931 motui
670 1907 849 1944 aquarum
864 1897 1129 1933 incitationem
1148 1897 1312 1933 tribuere
1333 1895 1628 1934 consentaneum
1645 1895 1698 1944 fit,
1729 1899 1889 1945 &quan-

283 1960 323 1987 ta
344 1949 456 2000 spatia
483 1950 522 1986 in
539 1962 619 1987 uno
645 1950 707 1988 die
722 1950 908 1988 conficere
926 1947 1058 2003 'pofl'ln
1117 1952 1155 1989 Si
1179 1953 1282 1988 enim
1307 1949 1497 1988 firmantur
1521 1952 1574 1998 (in
1595 1952 1890 1988 aestimationem

283 2003 394 2050 hujus
420 2005 488 2051 rei)
515 2005 644 2042 littora
672 2007 795 2055 aliqua
818 2018 861 2043 ex
886 2007 932 2043 iis
956 2017 1051 2054 quae
1078 2008 1204 2044 minus
1229 2006 1408 2043 montosa
1437 2017 1501 2044 aut
1527 2007 1687 2056 depr-effa
1715 2006 1812 2053 sunt,
1853 2008 1891 2043 ὅ(

286 2070 435 2096 oceano
455 2058 578 2095 libero
597 2060 779 2108 adjacent,
809 2063 846 2098 &
869 2060 1029 2111 capiatur
1050 2062 1221 2098 mensura
1236 2061 1340 2113 spatii
1363 2071 1493 2107 terrac,
1523 2063 1620 2099 inter
1644 2072 1785 2099 metam
1801 2061 1890 2098 flux-

285 2126 328 2151 us
342 2116 379 2151 ὅς
394 2123 536 2150 metam
552 2114 722 2162 refluxus,
751 2115 1015 2163 interjacentis,
1046 2126 1157 2165 atque
1172 2116 1263 2154 illud
1280 2116 1439 2166 spatium
1460 2117 1762 2167 quadruplicetur
1781 2129 1892 2167 prop·

284 2178 343 2206 ter
372 2168 486 2206 aestus
514 2166 663 2218 lingulis
692 2171 823 2208 diebus
857 2181 1072 2219 quaternos,
1117 2181 1227 2220 atquc
1256 2173 1285 2208 is
1315 2183 1494 2209 numerus
1529 2172 1650 2209 rursus
1679 2172 1890 2220 duplicetur

284 2233 439 2276 propter
464 2222 577 2261 aestus
599 2225 644 2261 ad
668 2225 816 2263 adver-n
835 2227 964 2263 littora
990 2225 1156 2272 ejusdem
1180 2228 1325 2272 oceani,
1362 2236 1472 2275 atque
1495 2226 1581 2263 huic
1607 2239 1770 2264 numero
1793 2239 1890 2265 non-

285 2277 381 2316 nihil
407 2280 449 2315 in
472 2280 669 2316 cumulum
693 2280 899 2327 adjiciatur,
926 2292 1081 2333 propter
1106 2281 1283 2318 omnium
1308 2283 1482 2319 littorum
1507 2280 1758 2328 altitudinem,
1796 2294 1891 2330 quac

287 2334 335 2370 ab
358 2332 433 2382 ipsa
456 2332 546 2370 fofla
565 2336 660 2371 mari
685 2335 828 2387 semper
847 2337 1081 2385 aliquantum
1102 2335 1320 2386 insurgunt3
1359 2334 1419 2372 ista
1444 2338 1680 2385 computatio
1701 2337 1793 2374 illud
1817 2336 1890 2386 spa-

283 2389 383 2424 tium
405 2388 630 2437 produetura
653 2390 712 2436 est,
742 2391 848 2439 quod
872 2392 1008 2440 globus
1028 2403 1143 2439 aquae
1168 2404 1248 2429 uno
1272 2392 1345 2438 die,
1383 2388 1408 2427 fi
1434 2390 1527 2428 liber
1550 2392 1594 2428 ab
1615 2390 1891 2441 impedimento

287 2442 387 2489 efl'et,
415 2455 457 2479 ac
477 2445 517 2480 in
538 2444 631 2482 orbe
647 2446 744 2483 circa
758 2456 896 2483 terram
912 2446 1057 2498 semper
1073 2448 1112 2483 in
1128 2446 1320 2497 progrcffu
1335 2456 1518 2493 moveret,
1548 2447 1733 2484 conficere
1752 2443 1889 2497 poili&

286 2498 392 2544 quod
421 2508 522 2535 certe
549 2500 605 2535 nil
635 2511 818 2549 magnum
846 2499 905 2537 est.
962 2502 1021 2538 De
1041 2500 1251 2537 differentia
1275 2510 1402 2538 autem
1430 2502 1493 2537 illa
1517 2513 1610 2550 quae
1631 2500 1810 2538 coincidit
1849 2503 1890 2538 in

287 2553 454 2588 rationes
474 2563 601 2592 motus
624 2555 747 2603 lunae,
777 2558 814 2593 δ(
837 2552 952 2593 efficit
971 2556 1171 2605 periodum
1196 2555 1441 2596 menstruam3
1470 2556 1507 2592 id
1527 2556 1607 2593 fieri
1631 2555 1889 2604 existimamus,

288 2607 394 2654 quod
416 2606 573 2655 spatium
594 2608 848 2647 sexhorarium
864 2623 945 2648 non
968 2610 1010 2648 fit
1026 2610 1197 2648 mensura
1221 2611 1342 2647 exaita
1358 2613 1685 2662 reciprocationi53
1715 2612 1890 2659 quemad-

291 2660 454 2698 modum
469 2673 538 2698 nec
553 2674 679 2702 motus
694 2666 850 2703 diurnus
864 2667 1016 2712 alicujus
1030 2668 1264 2716 planetarum
1279 2678 1360 2703 non
1379 2666 1578 2703 restituitur
1596 2666 1716 2702 exacte
1732 2668 1770 2702 in
1786 2666 1890 2703 horis

290 2717 428 2765 viginti
454 2726 626 2764 quatuor,
666 2721 828 2758 minime
855 2730 981 2758 autem
1002 2723 1179 2759 omnium
1207 2722 1305 2758 luna.
1362 2722 1490 2770 Itaque
1510 2720 1680 2757 mensura
1708 2720 1825 2758 fluxus
1853 2723 1891 2759 ὃς

293 2770 452 2808 refluxus
475 2782 556 2807 non
581 2772 628 2808 est
653 2775 836 2821 quadrans
857 2785 983 2814 motus
1002 2777 1189 2814 stellarum
1208 2775 1376 2821 fixarum,
1413 2778 1477 2824 qui
1501 2775 1547 2813 est
1574 2775 1708 2823 viginti
1728 2786 1889 2823 quatuor

293 2825 487 2873 horarum,
515 2824 576 2862 sed
592 2829 774 2873 quadrans
788 2831 915 2868 diurni
931 2841 1059 2870 motus
1077 2834 1200 2869 lunae.

964 2924 1222 2963 MANDATA.

348 2988 402 3026 IN
412 3001 474 3042 qu
483 3001 497 3028 1
506 3002 533 3028 R
542 3001 669 3029 ATUR
682 3002 810 3031 utrum
826 2994 918 3032 hora
931 2995 1048 3033 fluxus
1063 2998 1206 3033 circum
1218 2997 1347 3033 littora
1359 2991 1526 3046 Africae
1536 3004 1741 3033 antevertat
1756 2995 1890 3033 horam

296 3040 414 3082 fluxus
439 3047 535 3084 circa
555 3046 697 3086 fretum
712 3045 945 3087 Herculeum
962 3048 983 3089 ‚P
1010 3052 1222 3099 inquii-atur
1239 3061 1366 3088 utrum
1383 3049 1606 3096 homfluxus
1629 3051 1724 3089 circa
1737 3048 1891 3088 Narve-

1782 3105 1893 3157 giam
