<?xml version="1.0" encoding="UTF-8"?>
<!DOCTYPE html PUBLIC "-//W3C//DTD XHTML 1.0 Transitional//EN"
    "http://www.w3.org/TR/xhtml1/DTD/xhtml1-transitional.dtd">
<html xmlns="http://www.w3.org/1999/xhtml" xml:lang="en" lang="en">
 <head>
  <title>
</title>
<meta http-equiv="Content-Type" content="text/html;charset=utf-8" />
  <meta name='ocr-system' content='tesseract 3.04.00' />
  <meta name='ocr-capabilities' content='ocr_page ocr_carea ocr_par ocr_line ocrx_word'/>
</head>
<body>
  <div class='ocr_page' id='page_1' title='image "./worksoffrancisba02baco_0612.png"; bbox 0 0 1973 3570; ppageno 0'>
   <div class='ocr_carea' id='block_1_1' title="bbox 750 85 908 135">
    <p class='ocr_par' dir='ltr' id='par_1_1' title="bbox 750 85 908 135">
     <span class='ocr_line' id='line_1_1' title="bbox 750 85 908 135; baseline 0 0"><span class='ocrx_word' id='word_1_1' title='bbox 750 85 908 135; x_wconf 76' lang='lat' dir='ltr'>IN</span> 
     </span>
    </p>
   </div>
   <div class='ocr_carea' id='block_1_2' title="bbox 166 187 996 3044">
    <p class='ocr_par' dir='ltr' id='par_1_2' title="bbox 166 187 994 429">
     <span class='ocr_line' id='line_1_2' title="bbox 214 187 994 246; baseline -0.019 -13"><span class='ocrx_word' id='word_1_2' title='bbox 214 197 322 246; x_wconf 76' lang='lat' dir='ltr'>patria</span> <span class='ocrx_word' id='word_1_3' title='bbox 340 202 533 233; x_wconf 85' lang='lat' dir='ltr'>ventorum,</span> <span class='ocrx_word' id='word_1_4' title='bbox 560 203 621 238; x_wconf 79' lang='lat'>49,</span> <span class='ocrx_word' id='word_1_5' title='bbox 651 202 707 235; x_wconf 66' lang='lat'>50.</span> <span class='ocrx_word' id='word_1_6' title='bbox 757 190 796 224; x_wconf 85' lang='lat' dir='ltr'>In</span> <span class='ocrx_word' id='word_1_7' title='bbox 817 187 994 234; x_wconf 69' lang='lat' dir='ltr'>vaporibus</span> 
     </span>
     <span class='ocr_line' id='line_1_3' title="bbox 215 236 991 290; baseline -0.015 -9"><span class='ocrx_word' id='word_1_8' title='bbox 215 244 250 282; x_wconf 55' lang='grc' dir='ltr'>ἔκ*</span> <span class='ocrx_word' id='word_1_9' title='bbox 268 246 365 290; x_wconf 87' lang='lat' dir='ltr'>copia</span> <span class='ocrx_word' id='word_1_10' title='bbox 384 243 420 277; x_wconf 83' lang='lat'>&amp;</span> <span class='ocrx_word' id='word_1_11' title='bbox 439 242 584 288; x_wconf 76' lang='lat' dir='ltr'>qualitas</span> <span class='ocrx_word' id='word_1_12' title='bbox 601 239 789 286; x_wconf 71' lang='lat' dir='ltr'>spectanda,</span> <span class='ocrx_word' id='word_1_13' title='bbox 944 236 991 279; x_wconf 82' lang='lat'>46</span> 
     </span>
     <span class='ocr_line' id='line_1_4' title="bbox 166 288 992 335; baseline -0.013 -4"><span class='ocrx_word' id='word_1_14' title='bbox 166 291 284 331; x_wconf 80' lang='lat' dir='ltr'>Mensa</span> <span class='ocrx_word' id='word_1_15' title='bbox 302 294 406 327; x_wconf 84' lang='lat' dir='ltr'>Varia</span> <span class='ocrx_word' id='word_1_16' title='bbox 424 291 647 335; x_wconf 79' lang='lat' dir='ltr'>ciborumque</span> <span class='ocrx_word' id='word_1_17' title='bbox 675 288 880 322; x_wconf 78' lang='lat' dir='ltr'>mutationes</span> <span class='ocrx_word' id='word_1_18' title='bbox 910 298 992 332; x_wconf 85' lang='lat' dir='ltr'>pro-</span> 
     </span>
     <span class='ocr_line' id='line_1_5' title="bbox 215 336 991 383; baseline -0.014 -5"><span class='ocrx_word' id='word_1_19' title='bbox 215 345 348 383; x_wconf 79' lang='lat' dir='ltr'>bantur,</span> <span class='ocrx_word' id='word_1_20' title='bbox 384 340 464 376; x_wconf 86' lang='lat'>168.</span> <span class='ocrx_word' id='word_1_21' title='bbox 515 338 663 374; x_wconf 85' lang='lat' dir='ltr'>Positura</span> <span class='ocrx_word' id='word_1_22' title='bbox 692 336 844 383; x_wconf 85' lang='lat' dir='ltr'>corporis</span> <span class='ocrx_word' id='word_1_23' title='bbox 874 336 991 377; x_wconf 70' lang='lat' dir='ltr'>varia,</span> 
     </span>
     <span class='ocr_line' id='line_1_6' title="bbox 925 383 991 429; baseline -0.015 -12"><span class='ocrx_word' id='word_1_24' title='bbox 925 383 991 429; x_wconf 83' lang='lat'>167</span> 
     </span>
    </p>

    <p class='ocr_par' dir='ltr' id='par_1_3' title="bbox 166 432 996 3044">
     <span class='ocr_line' id='line_1_7' title="bbox 167 432 991 478; baseline -0.011 -3"><span class='ocrx_word' id='word_1_25' title='bbox 167 442 319 475; x_wconf 63' lang='lat' dir='ltr'>borinas</span> <span class='ocrx_word' id='word_1_26' title='bbox 337 437 516 473; x_wconf 77' lang='lat' dir='ltr'>alternatio</span> <span class='ocrx_word' id='word_1_27' title='bbox 544 435 594 478; x_wconf 86' lang='lat' dir='ltr'>sit,</span> <span class='ocrx_word' id='word_1_28' title='bbox 622 447 689 469; x_wconf 90' lang='lat' dir='ltr'>non</span> <span class='ocrx_word' id='word_1_29' title='bbox 717 432 882 471; x_wconf 78' lang='lat' dir='ltr'>confusio,</span> <span class='ocrx_word' id='word_1_30' title='bbox 912 435 991 478; x_wconf 88' lang='lat'>185.</span> 
     </span>
     <span class='ocr_line' id='line_1_8' title="bbox 215 481 993 533; baseline -0.013 -9"><span class='ocrx_word' id='word_1_31' title='bbox 215 489 548 524; x_wconf 87' lang='lat' dir='ltr'>Medicamentorum</span> <span class='ocrx_word' id='word_1_32' title='bbox 587 486 736 520; x_wconf 68' lang='lat' dir='ltr'>varietas</span> <span class='ocrx_word' id='word_1_33' title='bbox 782 481 993 533; x_wconf 71' lang='lat' dir='ltr'>ignorantiae</span> 
     </span>
     <span class='ocr_line' id='line_1_9' title="bbox 219 530 991 578; baseline -0.01 -6"><span class='ocrx_word' id='word_1_34' title='bbox 219 538 301 578; x_wconf 78' lang='lat' dir='ltr'>filia,</span> <span class='ocrx_word' id='word_1_35' title='bbox 926 530 991 564; x_wconf 78' lang='lat'>160</span> 
     </span>
     <span class='ocr_line' id='line_1_10' title="bbox 169 582 994 625; baseline -0.01 -3"><span class='ocrx_word' id='word_1_36' title='bbox 169 588 322 622; x_wconf 71' lang='lat' dir='ltr'>Varronis</span> <span class='ocrx_word' id='word_1_37' title='bbox 339 584 381 620; x_wconf 88' lang='lat' dir='ltr'>de</span> <span class='ocrx_word' id='word_1_38' title='bbox 398 583 489 619; x_wconf 77' lang='lat' dir='ltr'>stella</span> <span class='ocrx_word' id='word_1_39' title='bbox 506 582 645 617; x_wconf 82' lang='lat' dir='ltr'>Veneris</span> <span class='ocrx_word' id='word_1_40' title='bbox 663 582 822 621; x_wconf 84' lang='lat' dir='ltr'>narratio,</span> <span class='ocrx_word' id='word_1_41' title='bbox 923 590 994 625; x_wconf 76' lang='lat'>304</span> 
     </span>
     <span class='ocr_line' id='line_1_11' title="bbox 168 629 994 681; baseline -0.008 -11"><span class='ocrx_word' id='word_1_42' title='bbox 168 635 263 681; x_wconf 75' lang='lat' dir='ltr'>Vasa,</span> <span class='ocrx_word' id='word_1_43' title='bbox 290 635 324 669; x_wconf 89' lang='lat' dir='ltr'>in</span> <span class='ocrx_word' id='word_1_44' title='bbox 353 634 473 681; x_wconf 89' lang='lat' dir='ltr'>quibus</span> <span class='ocrx_word' id='word_1_45' title='bbox 500 631 662 666; x_wconf 77' lang='lat' dir='ltr'>esculenta</span> <span class='ocrx_word' id='word_1_46' title='bbox 692 639 910 678; x_wconf 83' lang='lat' dir='ltr'>reponuntur,</span> <span class='ocrx_word' id='word_1_47' title='bbox 942 629 994 664; x_wconf 89' lang='lat' dir='ltr'>in-</span> 
     </span>
     <span class='ocr_line' id='line_1_12' title="bbox 217 678 990 729; baseline -0.009 -10"><span class='ocrx_word' id='word_1_48' title='bbox 217 684 350 719; x_wconf 89' lang='lat' dir='ltr'>terdurn</span> <span class='ocrx_word' id='word_1_49' title='bbox 370 680 583 729; x_wconf 81' lang='lat' dir='ltr'>tempestates</span> <span class='ocrx_word' id='word_1_50' title='bbox 600 679 856 728; x_wconf 79' lang='lat' dir='ltr'>praenunciant,</span> <span class='ocrx_word' id='word_1_51' title='bbox 946 678 990 713; x_wconf 70' lang='lat'>62.</span> 
     </span>
     <span class='ocr_line' id='line_1_13' title="bbox 167 730 989 779; baseline -0.016 -10"><span class='ocrx_word' id='word_1_52' title='bbox 167 733 273 768; x_wconf 84' lang='lat' dir='ltr'>Venti</span> <span class='ocrx_word' id='word_1_53' title='bbox 290 732 481 779; x_wconf 83' lang='lat' dir='ltr'>ubiquitarii</span> <span class='ocrx_word' id='word_1_54' title='bbox 498 730 595 771; x_wconf 82' lang='lat' dir='ltr'>lenes,</span> <span class='ocrx_word' id='word_1_55' title='bbox 947 738 966 771; x_wconf 83' lang='lat'>5</span> <span class='ocrx_word' id='word_1_56' title='bbox 977 739 989 762; x_wconf 87' lang='lat'>1</span> 
     </span>
     <span class='ocr_line' id='line_1_14' title="bbox 169 778 989 829; baseline -0.006 -12"><span class='ocrx_word' id='word_1_57' title='bbox 169 782 366 829; x_wconf 83' lang='lat' dir='ltr'>Vegetubilia</span> <span class='ocrx_word' id='word_1_58' title='bbox 383 778 555 819; x_wconf 75' lang='lat' dir='ltr'>cordialia,</span> <span class='ocrx_word' id='word_1_59' title='bbox 813 790 893 822; x_wconf 88' lang='lat'>141,</span> <span class='ocrx_word' id='word_1_60' title='bbox 926 788 989 820; x_wconf 82' lang='lat'>¹42</span> 
     </span>
     <span class='ocr_line' id='line_1_15' title="bbox 168 827 991 874; baseline -0.007 -8"><span class='ocrx_word' id='word_1_61' title='bbox 168 831 319 867; x_wconf 84' lang='lat' dir='ltr'>Vehiculu</span> <span class='ocrx_word' id='word_1_62' title='bbox 337 827 582 874; x_wconf 71' lang='lat' dir='ltr'>imprimentia,</span> <span class='ocrx_word' id='word_1_63' title='bbox 926 828 991 872; x_wconf 80' lang='lat'>187</span> 
     </span>
     <span class='ocr_line' id='line_1_16' title="bbox 169 875 995 923; baseline -0.007 -8"><span class='ocrx_word' id='word_1_64' title='bbox 169 881 247 916; x_wconf 83' lang='lat' dir='ltr'>Vela</span> <span class='ocrx_word' id='word_1_65' title='bbox 263 880 362 913; x_wconf 89' lang='lat' dir='ltr'>flante</span> <span class='ocrx_word' id='word_1_66' title='bbox 391 886 493 912; x_wconf 88' lang='lat' dir='ltr'>vento</span> <span class='ocrx_word' id='word_1_67' title='bbox 528 875 669 917; x_wconf 86' lang='lat' dir='ltr'>laterali,</span> <span class='ocrx_word' id='word_1_68' title='bbox 696 875 839 923; x_wconf 83' lang='lat' dir='ltr'>rigidius</span> <span class='ocrx_word' id='word_1_69' title='bbox 873 876 909 911; x_wconf 84' lang='lat' dir='ltr'>in</span> <span class='ocrx_word' id='word_1_70' title='bbox 933 875 995 910; x_wconf 91' lang='lat' dir='ltr'>ad-</span> 
     </span>
     <span class='ocr_line' id='line_1_17' title="bbox 217 925 993 971; baseline -0.004 -8"><span class='ocrx_word' id='word_1_71' title='bbox 217 928 349 963; x_wconf 88' lang='lat' dir='ltr'>versum</span> <span class='ocrx_word' id='word_1_72' title='bbox 396 926 487 961; x_wconf 88' lang='lat' dir='ltr'>venti</span> <span class='ocrx_word' id='word_1_73' title='bbox 522 926 757 968; x_wconf 84' lang='lat' dir='ltr'>extenduntur,</span> <span class='ocrx_word' id='word_1_74' title='bbox 806 936 862 971; x_wconf 85' lang='lat'>54.</span> <span class='ocrx_word' id='word_1_75' title='bbox 924 925 993 960; x_wconf 81' lang='lat' dir='ltr'>De-</span> 
     </span>
     <span class='ocr_line' id='line_1_18' title="bbox 215 974 992 1024; baseline -0.005 -12"><span class='ocrx_word' id='word_1_76' title='bbox 215 989 290 1012; x_wconf 89' lang='lat' dir='ltr'>cem</span> <span class='ocrx_word' id='word_1_77' title='bbox 322 976 520 1024; x_wconf 84' lang='lat' dir='ltr'>impendent</span> <span class='ocrx_word' id='word_1_78' title='bbox 538 974 681 1009; x_wconf 88' lang='lat' dir='ltr'>navibus</span> <span class='ocrx_word' id='word_1_79' title='bbox 698 974 912 1017; x_wconf 80' lang='lat' dir='ltr'>Britannicis,</span> <span class='ocrx_word' id='word_1_80' title='bbox 932 986 992 1019; x_wconf 86' lang='lat'>51,</span> 
     </span>
     <span class='ocr_line' id='line_1_19' title="bbox 217 1024 992 1073; baseline -0.004 -12"><span class='ocrx_word' id='word_1_81' title='bbox 217 1027 255 1061; x_wconf 86' lang='lat'>&amp;</span> <span class='ocrx_word' id='word_1_82' title='bbox 273 1026 341 1073; x_wconf 81' lang='lat' dir='ltr'>seq.</span> <span class='ocrx_word' id='word_1_83' title='bbox 393 1024 596 1071; x_wconf 82' lang='lat' dir='ltr'>Longitudo</span> <span class='ocrx_word' id='word_1_84' title='bbox 615 1024 648 1059; x_wconf 88' lang='lat' dir='ltr'>in</span> <span class='ocrx_word' id='word_1_85' title='bbox 667 1024 871 1060; x_wconf 88' lang='lat' dir='ltr'>molendinis</span> <span class='ocrx_word' id='word_1_86' title='bbox 889 1024 992 1060; x_wconf 87' lang='lat' dir='ltr'>etiam</span> 
     </span>
     <span class='ocr_line' id='line_1_20' title="bbox 217 1075 991 1119; baseline -0.006 -8"><span class='ocrx_word' id='word_1_87' title='bbox 217 1075 298 1111; x_wconf 83' lang='lat' dir='ltr'>facit</span> <span class='ocrx_word' id='word_1_88' title='bbox 313 1075 356 1110; x_wconf 84' lang='lat' dir='ltr'>ad</span> <span class='ocrx_word' id='word_1_89' title='bbox 372 1083 518 1115; x_wconf 87' lang='lat' dir='ltr'>motum,</span> <span class='ocrx_word' id='word_1_90' title='bbox 947 1084 991 1119; x_wconf 85' lang='lat'>57</span> 
     </span>
     <span class='ocr_line' id='line_1_21' title="bbox 170 1122 992 1170; baseline -0.004 -10"><span class='ocrx_word' id='word_1_91' title='bbox 170 1125 312 1160; x_wconf 82' lang='lat' dir='ltr'>Velorum</span> <span class='ocrx_word' id='word_1_92' title='bbox 345 1124 378 1158; x_wconf 88' lang='lat' dir='ltr'>in</span> <span class='ocrx_word' id='word_1_93' title='bbox 411 1124 488 1158; x_wconf 88' lang='lat' dir='ltr'>navi</span> <span class='ocrx_word' id='word_1_94' title='bbox 521 1122 745 1165; x_wconf 82' lang='lat' dir='ltr'>enumeratio,</span> <span class='ocrx_word' id='word_1_95' title='bbox 797 1122 992 1170; x_wconf 75' lang='lat' dir='ltr'>dispositio,</span> 
     </span>
     <span class='ocr_line' id='line_1_22' title="bbox 218 1172 994 1220; baseline -0.003 -12"><span class='ocrx_word' id='word_1_96' title='bbox 218 1185 278 1220; x_wconf 83' lang='lat'>52,</span> <span class='ocrx_word' id='word_1_97' title='bbox 323 1185 380 1219; x_wconf 84' lang='lat'>53.</span> <span class='ocrx_word' id='word_1_98' title='bbox 432 1172 576 1208; x_wconf 85' lang='lat' dir='ltr'>Velorunz</span> <span class='ocrx_word' id='word_1_99' title='bbox 614 1172 789 1220; x_wconf 87' lang='lat' dir='ltr'>dispositio</span> <span class='ocrx_word' id='word_1_100' title='bbox 823 1173 855 1207; x_wconf 89' lang='lat' dir='ltr'>in</span> <span class='ocrx_word' id='word_1_101' title='bbox 890 1182 994 1206; x_wconf 89' lang='lat' dir='ltr'>vento</span> 
     </span>
     <span class='ocr_line' id='line_1_23' title="bbox 215 1221 993 1269; baseline -0.005 -11"><span class='ocrx_word' id='word_1_102' title='bbox 215 1223 311 1258; x_wconf 57' lang='lat' dir='ltr'>reito</span> <span class='ocrx_word' id='word_1_103' title='bbox 328 1234 493 1269; x_wconf 84' lang='lat' dir='ltr'>quaenam</span> <span class='ocrx_word' id='word_1_104' title='bbox 513 1221 712 1265; x_wconf 86' lang='lat' dir='ltr'>feliciffima‚</span> <span class='ocrx_word' id='word_1_105' title='bbox 740 1234 797 1266; x_wconf 84' lang='lat'>54.</span> <span class='ocrx_word' id='word_1_106' title='bbox 847 1221 993 1256; x_wconf 88' lang='lat' dir='ltr'>Velorum</span> 
     </span>
     <span class='ocr_line' id='line_1_24' title="bbox 215 1271 992 1316; baseline 0 -9"><span class='ocrx_word' id='word_1_107' title='bbox 215 1273 365 1307; x_wconf 78' lang='lat' dir='ltr'>extensio</span> <span class='ocrx_word' id='word_1_108' title='bbox 380 1271 482 1307; x_wconf 85' lang='lat' dir='ltr'>debet</span> <span class='ocrx_word' id='word_1_109' title='bbox 499 1271 565 1305; x_wconf 75' lang='lat' dir='ltr'>effe</span> <span class='ocrx_word' id='word_1_110' title='bbox 583 1271 782 1315; x_wconf 88' lang='lat' dir='ltr'>mediocris,</span> <span class='ocrx_word' id='word_1_111' title='bbox 947 1281 992 1316; x_wconf 82' lang='lat'>55</span> 
     </span>
     <span class='ocr_line' id='line_1_25' title="bbox 170 1320 989 1368; baseline -0.002 -12"><span class='ocrx_word' id='word_1_112' title='bbox 170 1322 305 1356; x_wconf 77' lang='lat' dir='ltr'>Velleius</span> <span class='ocrx_word' id='word_1_113' title='bbox 322 1320 507 1368; x_wconf 89' lang='lat' dir='ltr'>Epicureus</span> <span class='ocrx_word' id='word_1_114' title='bbox 524 1320 647 1367; x_wconf 87' lang='lat' dir='ltr'>qualis,</span> <span class='ocrx_word' id='word_1_115' title='bbox 922 1320 989 1354; x_wconf 82' lang='lat'>261</span> 
     </span>
     <span class='ocr_line' id='line_1_26' title="bbox 168 1367 994 1415; baseline -0.002 -9"><span class='ocrx_word' id='word_1_116' title='bbox 168 1371 289 1412; x_wconf 81' lang='lat' dir='ltr'>Velum,</span> <span class='ocrx_word' id='word_1_117' title='bbox 317 1371 351 1405; x_wconf 91' lang='lat' dir='ltr'>in</span> <span class='ocrx_word' id='word_1_118' title='bbox 369 1370 439 1404; x_wconf 83' lang='lat' dir='ltr'>velo</span> <span class='ocrx_word' id='word_1_119' title='bbox 465 1368 662 1415; x_wconf 81' lang='lat' dir='ltr'>triangulari</span> <span class='ocrx_word' id='word_1_120' title='bbox 689 1378 804 1403; x_wconf 87' lang='lat' dir='ltr'>tumor</span> <span class='ocrx_word' id='word_1_121' title='bbox 823 1369 864 1403; x_wconf 81' lang='lat' dir='ltr'>fit</span> <span class='ocrx_word' id='word_1_122' title='bbox 881 1367 994 1404; x_wconf 90' lang='lat' dir='ltr'>minor</span> 
     </span>
     <span class='ocr_line' id='line_1_27' title="bbox 215 1416 992 1466; baseline -0.004 -12"><span class='ocrx_word' id='word_1_123' title='bbox 215 1432 320 1466; x_wconf 87' lang='lat' dir='ltr'>quam</span> <span class='ocrx_word' id='word_1_124' title='bbox 349 1419 382 1453; x_wconf 89' lang='lat' dir='ltr'>in</span> <span class='ocrx_word' id='word_1_125' title='bbox 415 1417 693 1464; x_wconf 81' lang='lat' dir='ltr'>quadrangulari,</span> <span class='ocrx_word' id='word_1_126' title='bbox 726 1416 764 1451; x_wconf 73' lang='grc' dir='ltr'>δε</span> <span class='ocrx_word' id='word_1_127' title='bbox 792 1428 907 1464; x_wconf 82' lang='lat' dir='ltr'>quare,</span> <span class='ocrx_word' id='word_1_128' title='bbox 936 1429 992 1463; x_wconf 76' lang='lat'>53.</span> 
     </span>
     <span class='ocr_line' id='line_1_28' title="bbox 216 1464 994 1514; baseline -0.001 -11"><span class='ocrx_word' id='word_1_129' title='bbox 216 1469 257 1503; x_wconf 92' lang='lat' dir='ltr'>In</span> <span class='ocrx_word' id='word_1_130' title='bbox 275 1467 358 1501; x_wconf 88' lang='lat' dir='ltr'>velis</span> <span class='ocrx_word' id='word_1_131' title='bbox 385 1467 428 1502; x_wconf 87' lang='lat' dir='ltr'>ab</span> <span class='ocrx_word' id='word_1_132' title='bbox 458 1464 546 1500; x_wconf 86' lang='lat' dir='ltr'>infra</span> <span class='ocrx_word' id='word_1_133' title='bbox 563 1467 665 1512; x_wconf 82' lang='lat' dir='ltr'>longe</span> <span class='ocrx_word' id='word_1_134' title='bbox 687 1466 795 1514; x_wconf 87' lang='lat' dir='ltr'>major</span> <span class='ocrx_word' id='word_1_135' title='bbox 812 1466 859 1502; x_wconf 92' lang='lat' dir='ltr'>est</span> <span class='ocrx_word' id='word_1_136' title='bbox 878 1477 994 1503; x_wconf 87' lang='lat' dir='ltr'>tumor</span> 
     </span>
     <span class='ocr_line' id='line_1_29' title="bbox 212 1514 995 1564; baseline -0.004 -13"><span class='ocrx_word' id='word_1_137' title='bbox 212 1529 317 1564; x_wconf 88' lang='lat' dir='ltr'>quam</span> <span class='ocrx_word' id='word_1_138' title='bbox 337 1515 371 1551; x_wconf 91' lang='lat' dir='ltr'>in</span> <span class='ocrx_word' id='word_1_139' title='bbox 388 1514 537 1557; x_wconf 85' lang='lat' dir='ltr'>caeteris,</span> <span class='ocrx_word' id='word_1_140' title='bbox 947 1528 995 1562; x_wconf 81' lang='lat'>54</span> 
     </span>
     <span class='ocr_line' id='line_1_30' title="bbox 167 1564 993 1613; baseline -0.004 -11"><span class='ocrx_word' id='word_1_141' title='bbox 167 1568 285 1603; x_wconf 86' lang='lat' dir='ltr'>Veneni</span> <span class='ocrx_word' id='word_1_142' title='bbox 303 1564 469 1613; x_wconf 86' lang='lat' dir='ltr'>operatio,</span> <span class='ocrx_word' id='word_1_143' title='bbox 926 1576 993 1612; x_wconf 85' lang='lat'>175</span> 
     </span>
     <span class='ocr_line' id='line_1_31' title="bbox 167 1612 993 1662; baseline 0 -11"><span class='ocrx_word' id='word_1_144' title='bbox 167 1618 314 1651; x_wconf 77' lang='lat' dir='ltr'>Venerem</span> <span class='ocrx_word' id='word_1_145' title='bbox 333 1614 414 1662; x_wconf 86' lang='lat' dir='ltr'>opia</span> <span class='ocrx_word' id='word_1_146' title='bbox 443 1615 602 1659; x_wconf 86' lang='lat' dir='ltr'>excitant,</span> <span class='ocrx_word' id='word_1_147' title='bbox 634 1614 711 1659; x_wconf 87' lang='lat'>146.</span> <span class='ocrx_word' id='word_1_148' title='bbox 762 1613 851 1650; x_wconf 88' lang='lat' dir='ltr'>Usus</span> <span class='ocrx_word' id='word_1_149' title='bbox 877 1612 914 1649; x_wconf 74' lang='grc' dir='ltr'>δε</span> <span class='ocrx_word' id='word_1_150' title='bbox 932 1617 993 1651; x_wconf 88' lang='lat' dir='ltr'>ab·</span> 
     </span>
     <span class='ocr_line' id='line_1_32' title="bbox 215 1664 996 1711; baseline 0 -12"><span class='ocrx_word' id='word_1_151' title='bbox 215 1664 384 1707; x_wconf 87' lang='lat' dir='ltr'>stinentia,</span> <span class='ocrx_word' id='word_1_152' title='bbox 810 1675 891 1711; x_wconf 82' lang='lat'>139,</span> <span class='ocrx_word' id='word_1_153' title='bbox 925 1676 996 1710; x_wconf 87' lang='lat'>150</span> 
     </span>
     <span class='ocr_line' id='line_1_33' title="bbox 167 1713 993 1761; baseline 0 -12"><span class='ocrx_word' id='word_1_154' title='bbox 167 1716 278 1749; x_wconf 89' lang='lat' dir='ltr'>Veneti</span> <span class='ocrx_word' id='word_1_155' title='bbox 294 1713 485 1761; x_wconf 85' lang='lat' dir='ltr'>complures</span> <span class='ocrx_word' id='word_1_156' title='bbox 501 1713 675 1761; x_wconf 86' lang='lat' dir='ltr'>longaevi,</span> <span class='ocrx_word' id='word_1_157' title='bbox 926 1726 993 1760; x_wconf 84' lang='lat'>135</span> 
     </span>
     <span class='ocr_line' id='line_1_34' title="bbox 167 1763 994 1812; baseline 0.001 -13"><span class='ocrx_word' id='word_1_158' title='bbox 167 1766 295 1805; x_wconf 82' lang='lat' dir='ltr'>Venter,</span> <span class='ocrx_word' id='word_1_159' title='bbox 333 1764 450 1811; x_wconf 88' lang='lat' dir='ltr'>plenus</span> <span class='ocrx_word' id='word_1_160' title='bbox 484 1775 545 1798; x_wconf 91' lang='lat' dir='ltr'>nec</span> <span class='ocrx_word' id='word_1_161' title='bbox 574 1763 785 1812; x_wconf 83' lang='lat' dir='ltr'>prominens,</span> <span class='ocrx_word' id='word_1_162' title='bbox 817 1763 994 1811; x_wconf 85' lang='lat' dir='ltr'>longaevi-</span> 
     </span>
     <span class='ocr_line' id='line_1_35' title="bbox 215 1813 995 1861; baseline 0 -13"><span class='ocrx_word' id='word_1_163' title='bbox 215 1814 293 1849; x_wconf 84' lang='lat' dir='ltr'>tatis</span> <span class='ocrx_word' id='word_1_164' title='bbox 310 1813 457 1860; x_wconf 84' lang='lat' dir='ltr'>signum,</span> <span class='ocrx_word' id='word_1_165' title='bbox 926 1825 995 1861; x_wconf 80' lang='lat'>139</span> 
     </span>
     <span class='ocr_line' id='line_1_36' title="bbox 166 1861 994 1910; baseline -0.001 -12"><span class='ocrx_word' id='word_1_166' title='bbox 166 1864 262 1898; x_wconf 84' lang='lat' dir='ltr'>Venti</span> <span class='ocrx_word' id='word_1_167' title='bbox 279 1863 356 1898; x_wconf 66' lang='lat' dir='ltr'>recti</span> <span class='ocrx_word' id='word_1_168' title='bbox 387 1863 424 1898; x_wconf 72' lang='grc' dir='ltr'>ὅτ</span> <span class='ocrx_word' id='word_1_169' title='bbox 441 1862 572 1910; x_wconf 88' lang='lat' dir='ltr'>obliqui</span> <span class='ocrx_word' id='word_1_170' title='bbox 603 1862 638 1898; x_wconf 87' lang='lat' dir='ltr'>in</span> <span class='ocrx_word' id='word_1_171' title='bbox 664 1861 882 1910; x_wconf 81' lang='lat' dir='ltr'>navigatione</span> <span class='ocrx_word' id='word_1_172' title='bbox 908 1863 994 1898; x_wconf 84' lang='lat' dir='ltr'>fiunt</span> 
     </span>
     <span class='ocr_line' id='line_1_37' title="bbox 214 1911 993 1960; baseline 0.001 -13"><span class='ocrx_word' id='word_1_173' title='bbox 214 1921 363 1960; x_wconf 85' lang='lat' dir='ltr'>quatuor</span> <span class='ocrx_word' id='word_1_174' title='bbox 380 1912 492 1947; x_wconf 87' lang='lat' dir='ltr'>modis</span> <span class='ocrx_word' id='word_1_175' title='bbox 509 1924 568 1960; x_wconf 86' lang='lat' dir='ltr'>per</span> <span class='ocrx_word' id='word_1_176' title='bbox 598 1911 836 1959; x_wconf 82' lang='lat' dir='ltr'>impulsionem</span> <span class='ocrx_word' id='word_1_177' title='bbox 862 1912 993 1960; x_wconf 86' lang='lat' dir='ltr'>simpli-</span> 
     </span>
     <span class='ocr_line' id='line_1_38' title="bbox 211 1961 992 2009; baseline 0.001 -13"><span class='ocrx_word' id='word_1_178' title='bbox 211 1973 302 2004; x_wconf 87' lang='lat' dir='ltr'>cem,</span> <span class='ocrx_word' id='word_1_179' title='bbox 329 1963 386 2004; x_wconf 82' lang='lat'>64.</span> <span class='ocrx_word' id='word_1_180' title='bbox 437 1962 534 2009; x_wconf 82' lang='lat' dir='ltr'>Qot</span> <span class='ocrx_word' id='word_1_181' title='bbox 563 1961 672 1996; x_wconf 87' lang='lat' dir='ltr'>modis</span> <span class='ocrx_word' id='word_1_182' title='bbox 699 1961 854 1996; x_wconf 85' lang='lat' dir='ltr'>sedantur</span> <span class='ocrx_word' id='word_1_183' title='bbox 884 1964 992 2005; x_wconf 86' lang='lat' dir='ltr'>venti,-</span> 
     </span>
     <span class='ocr_line' id='line_1_39' title="bbox 212 2010 993 2058; baseline 0.004 -14"><span class='ocrx_word' id='word_1_184' title='bbox 212 2021 274 2058; x_wconf 89' lang='lat'>47,</span> <span class='ocrx_word' id='word_1_185' title='bbox 294 2010 353 2055; x_wconf 82' lang='lat'>65.</span> <span class='ocrx_word' id='word_1_186' title='bbox 405 2010 587 2046; x_wconf 88' lang='lat' dir='ltr'>Inventum</span> <span class='ocrx_word' id='word_1_187' title='bbox 607 2010 649 2045; x_wconf 86' lang='lat' dir='ltr'>de</span> <span class='ocrx_word' id='word_1_188' title='bbox 677 2010 828 2046; x_wconf 85' lang='lat' dir='ltr'>sedandis</span> <span class='ocrx_word' id='word_1_189' title='bbox 845 2011 882 2045; x_wconf 68' lang='grc' dir='ltr'>δι’</span> <span class='ocrx_word' id='word_1_190' title='bbox 899 2013 993 2047; x_wconf 86' lang='lat' dir='ltr'>exci-</span> 
     </span>
     <span class='ocr_line' id='line_1_40' title="bbox 214 2059 993 2101; baseline 0.004 -6"><span class='ocrx_word' id='word_1_191' title='bbox 214 2060 322 2095; x_wconf 83' lang='lat' dir='ltr'>tandis</span> <span class='ocrx_word' id='word_1_192' title='bbox 339 2061 448 2094; x_wconf 84' lang='lat' dir='ltr'>ventis</span> <span class='ocrx_word' id='word_1_193' title='bbox 463 2059 680 2101; x_wconf 87' lang='lat' dir='ltr'>desideratur,</span> <span class='ocrx_word' id='word_1_194' title='bbox 700 2060 758 2096; x_wconf 88' lang='lat'>66.</span> <span class='ocrx_word' id='word_1_195' title='bbox 792 2062 887 2096; x_wconf 83' lang='lat' dir='ltr'>Venti</span> <span class='ocrx_word' id='word_1_196' title='bbox 905 2061 993 2098; x_wconf 86' lang='lat' dir='ltr'>intra</span> 
     </span>
     <span class='ocr_line' id='line_1_41' title="bbox 214 2110 994 2158; baseline 0.004 -14"><span class='ocrx_word' id='word_1_197' title='bbox 214 2110 379 2156; x_wconf 87' lang='lat' dir='ltr'>tropicos,</span> <span class='ocrx_word' id='word_1_198' title='bbox 922 2123 994 2158; x_wconf 84' lang='lat'>239</span> 
     </span>
     <span class='ocr_line' id='line_1_42' title="bbox 166 2157 992 2204; baseline 0.001 -9"><span class='ocrx_word' id='word_1_199' title='bbox 166 2162 335 2195; x_wconf 78' lang='lat' dir='ltr'>Ventorum</span> <span class='ocrx_word' id='word_1_200' title='bbox 363 2157 511 2201; x_wconf 88' lang='lat' dir='ltr'>historia,</span> <span class='ocrx_word' id='word_1_201' title='bbox 540 2169 596 2204; x_wconf 78' lang='lat'>25.</span> <span class='ocrx_word' id='word_1_202' title='bbox 648 2158 833 2195; x_wconf 84' lang='lat' dir='ltr'>Primariae</span> <span class='ocrx_word' id='word_1_203' title='bbox 861 2170 992 2196; x_wconf 87' lang='lat' dir='ltr'>creatu-</span> 
     </span>
     <span class='ocr_line' id='line_1_43' title="bbox 212 2207 992 2256; baseline 0.001 -12"><span class='ocrx_word' id='word_1_204' title='bbox 212 2220 267 2244; x_wconf 89' lang='lat' dir='ltr'>rae</span> <span class='ocrx_word' id='word_1_205' title='bbox 284 2220 351 2242; x_wconf 88' lang='lat' dir='ltr'>non</span> <span class='ocrx_word' id='word_1_206' title='bbox 383 2207 471 2249; x_wconf 89' lang='lat' dir='ltr'>sunt,</span> <span class='ocrx_word' id='word_1_207' title='bbox 499 2220 558 2243; x_wconf 91' lang='lat' dir='ltr'>nec</span> <span class='ocrx_word' id='word_1_208' title='bbox 585 2219 627 2242; x_wconf 86' lang='lat' dir='ltr'>ex</span> <span class='ocrx_word' id='word_1_209' title='bbox 657 2209 818 2256; x_wconf 86' lang='lat' dir='ltr'>operibus</span> <span class='ocrx_word' id='word_1_210' title='bbox 847 2207 903 2244; x_wconf 85' lang='lat' dir='ltr'>sex</span> <span class='ocrx_word' id='word_1_211' title='bbox 918 2210 992 2246; x_wconf 90' lang='lat' dir='ltr'>die-</span> 
     </span>
     <span class='ocr_line' id='line_1_44' title="bbox 211 2257 994 2301; baseline 0.005 -9"><span class='ocrx_word' id='word_1_212' title='bbox 211 2269 301 2300; x_wconf 85' lang='lat' dir='ltr'>rum,</span> <span class='ocrx_word' id='word_1_213' title='bbox 328 2257 407 2301; x_wconf 81' lang='lat' dir='ltr'>ibid.</span> <span class='ocrx_word' id='word_1_214' title='bbox 457 2258 627 2292; x_wconf 82' lang='lat' dir='ltr'>Ventorum</span> <span class='ocrx_word' id='word_1_215' title='bbox 645 2258 808 2299; x_wconf 81' lang='lat' dir='ltr'>nomina3</span> <span class='ocrx_word' id='word_1_216' title='bbox 836 2259 889 2294; x_wconf 89' lang='lat' dir='ltr'>vel</span> <span class='ocrx_word' id='word_1_217' title='bbox 917 2260 994 2296; x_wconf 86' lang='lat' dir='ltr'>sunt</span> 
     </span>
     <span class='ocr_line' id='line_1_45' title="bbox 214 2306 993 2353; baseline 0.006 -13"><span class='ocrx_word' id='word_1_218' title='bbox 214 2306 396 2353; x_wconf 85' lang='lat' dir='ltr'>generales,</span> <span class='ocrx_word' id='word_1_219' title='bbox 423 2306 480 2341; x_wconf 90' lang='lat' dir='ltr'>vel</span> <span class='ocrx_word' id='word_1_220' title='bbox 498 2306 587 2348; x_wconf 84' lang='lat' dir='ltr'>stati,</span> <span class='ocrx_word' id='word_1_221' title='bbox 613 2307 667 2342; x_wconf 90' lang='lat' dir='ltr'>vel</span> <span class='ocrx_word' id='word_1_222' title='bbox 687 2307 839 2351; x_wconf 78' lang='lat' dir='ltr'>asseclae,</span> <span class='ocrx_word' id='word_1_223' title='bbox 867 2309 925 2345; x_wconf 88' lang='lat' dir='ltr'>vel-</span> <span class='ocrx_word' id='word_1_224' title='bbox 949 2308 993 2345; x_wconf 86' lang='lat' dir='ltr'>li-</span> 
     </span>
     <span class='ocr_line' id='line_1_46' title="bbox 216 2355 991 2401; baseline 0.008 -12"><span class='ocrx_word' id='word_1_225' title='bbox 216 2356 301 2395; x_wconf 86' lang='lat' dir='ltr'>beri,</span> <span class='ocrx_word' id='word_1_226' title='bbox 332 2367 390 2401; x_wconf 85' lang='lat'>25,</span> <span class='ocrx_word' id='word_1_227' title='bbox 421 2355 477 2391; x_wconf 86' lang='lat'>26.</span> <span class='ocrx_word' id='word_1_228' title='bbox 533 2358 630 2391; x_wconf 85' lang='lat' dir='ltr'>Venti</span> <span class='ocrx_word' id='word_1_229' title='bbox 662 2357 891 2401; x_wconf 87' lang='lat' dir='ltr'>anniversarii,</span> <span class='ocrx_word' id='word_1_230' title='bbox 933 2359 991 2396; x_wconf 83' lang='lat'>26.</span> 
     </span>
     <span class='ocr_line' id='line_1_47' title="bbox 216 2404 994 2453; baseline 0.009 -15"><span class='ocrx_word' id='word_1_231' title='bbox 216 2404 520 2450; x_wconf 81' lang='lat' dir='ltr'>Origineslocales,</span> <span class='ocrx_word' id='word_1_232' title='bbox 549 2407 608 2446; x_wconf 87' lang='lat'>26,</span> <span class='ocrx_word' id='word_1_233' title='bbox 640 2418 695 2453; x_wconf 85' lang='lat'>39.</span> <span class='ocrx_word' id='word_1_234' title='bbox 747 2407 994 2445; x_wconf 80' lang='lat' dir='ltr'>Generationes</span> 
     </span>
     <span class='ocr_line' id='line_1_48' title="bbox 213 2453 992 2500; baseline 0.008 -12"><span class='ocrx_word' id='word_1_235' title='bbox 213 2453 448 2496; x_wconf 79' lang='lat' dir='ltr'>accidentales,</span> <span class='ocrx_word' id='word_1_236' title='bbox 476 2455 553 2490; x_wconf 86' lang='lat' dir='ltr'>ibid.</span> <span class='ocrx_word' id='word_1_237' title='bbox 606 2457 701 2491; x_wconf 86' lang='lat' dir='ltr'>Venti</span> <span class='ocrx_word' id='word_1_238' title='bbox 718 2458 992 2500; x_wconf 85' lang='lat' dir='ltr'>extraordinarii,</span> 
     </span>
     <span class='ocr_line' id='line_1_49' title="bbox 213 2501 991 2553; baseline 0.012 -18"><span class='ocrx_word' id='word_1_239' title='bbox 213 2501 269 2537; x_wconf 84' lang='lat'>26.</span> <span class='ocrx_word' id='word_1_240' title='bbox 323 2503 490 2538; x_wconf 86' lang='lat' dir='ltr'>Ventorum</span> <span class='ocrx_word' id='word_1_241' title='bbox 522 2504 658 2547; x_wconf 88' lang='lat' dir='ltr'>limites,</span> <span class='ocrx_word' id='word_1_242' title='bbox 698 2517 757 2553; x_wconf 88' lang='lat'>27.</span> <span class='ocrx_word' id='word_1_243' title='bbox 808 2507 991 2544; x_wconf 81' lang='lat' dir='ltr'>Succeffio-</span> 
     </span>
     <span class='ocr_line' id='line_1_50' title="bbox 212 2551 993 2599; baseline 0.01 -14"><span class='ocrx_word' id='word_1_244' title='bbox 212 2563 284 2593; x_wconf 82' lang='lat' dir='ltr'>nes,</span> <span class='ocrx_word' id='word_1_245' title='bbox 326 2551 402 2586; x_wconf 84' lang='lat' dir='ltr'>ibid.</span> <span class='ocrx_word' id='word_1_246' title='bbox 455 2553 687 2590; x_wconf 87' lang='lat' dir='ltr'>Confacientia</span> <span class='ocrx_word' id='word_1_247' title='bbox 720 2555 764 2590; x_wconf 86' lang='lat' dir='ltr'>ad</span> <span class='ocrx_word' id='word_1_248' title='bbox 794 2565 918 2599; x_wconf 85' lang='lat' dir='ltr'>ventos,</span> <span class='ocrx_word' id='word_1_249' title='bbox 953 2557 993 2593; x_wconf 85' lang='lat'>&amp;</span> 
     </span>
     <span class='ocr_line' id='line_1_51' title="bbox 210 2599 990 2653; baseline 0.009 -18"><span class='ocrx_word' id='word_1_250' title='bbox 210 2599 406 2642; x_wconf 81' lang='lat' dir='ltr'>excitantia,</span> <span class='ocrx_word' id='word_1_251' title='bbox 433 2600 468 2635; x_wconf 83' lang='lat'>&amp;</span> <span class='ocrx_word' id='word_1_252' title='bbox 496 2602 642 2639; x_wconf 84' lang='lat' dir='ltr'>sedantia</span> <span class='ocrx_word' id='word_1_253' title='bbox 660 2604 765 2652; x_wconf 86' lang='lat' dir='ltr'>ipsos,</span> <span class='ocrx_word' id='word_1_254' title='bbox 793 2616 850 2653; x_wconf 86' lang='lat'>27.</span> <span class='ocrx_word' id='word_1_255' title='bbox 903 2606 990 2642; x_wconf 91' lang='lat' dir='ltr'>Mo-</span> 
     </span>
     <span class='ocr_line' id='line_1_52' title="bbox 212 2649 992 2705; baseline 0.014 -23"><span class='ocrx_word' id='word_1_256' title='bbox 212 2659 264 2684; x_wconf 88' lang='lat' dir='ltr'>tus</span> <span class='ocrx_word' id='word_1_257' title='bbox 279 2649 416 2704; x_wconf 67' lang='lat' dir='ltr'>diversi,</span> <span class='ocrx_word' id='word_1_258' title='bbox 446 2652 502 2687; x_wconf 87' lang='lat'>28.</span> <span class='ocrx_word' id='word_1_259' title='bbox 552 2653 748 2697; x_wconf 79' lang='lat' dir='ltr'>Potestates‚</span> <span class='ocrx_word' id='word_1_260' title='bbox 776 2655 856 2692; x_wconf 86' lang='lat' dir='ltr'>ibid.</span> <span class='ocrx_word' id='word_1_261' title='bbox 884 2656 992 2705; x_wconf 67' lang='lat' dir='ltr'>⁴Pro-</span> 
     </span>
     <span class='ocr_line' id='line_1_53' title="bbox 213 2698 992 2752; baseline 0.012 -20"><span class='ocrx_word' id='word_1_262' title='bbox 213 2698 378 2752; x_wconf 83' lang='lat' dir='ltr'>gnostica,</span> <span class='ocrx_word' id='word_1_263' title='bbox 416 2708 472 2745; x_wconf 86' lang='lat'>29.</span> <span class='ocrx_word' id='word_1_264' title='bbox 523 2700 753 2747; x_wconf 86' lang='lat' dir='ltr'>Imitamenta‚</span> <span class='ocrx_word' id='word_1_265' title='bbox 779 2704 858 2741; x_wconf 86' lang='lat' dir='ltr'>ibid.</span> <span class='ocrx_word' id='word_1_266' title='bbox 912 2706 992 2741; x_wconf 90' lang='lat' dir='ltr'>No-</span> 
     </span>
     <span class='ocr_line' id='line_1_54' title="bbox 210 2750 992 2796; baseline 0.013 -15"><span class='ocrx_word' id='word_1_267' title='bbox 210 2760 316 2789; x_wconf 82' lang='lat' dir='ltr'>mina,</span> <span class='ocrx_word' id='word_1_268' title='bbox 344 2758 403 2794; x_wconf 87' lang='lat'>29,</span> <span class='ocrx_word' id='word_1_269' title='bbox 440 2759 496 2794; x_wconf 85' lang='lat'>30.</span> <span class='ocrx_word' id='word_1_270' title='bbox 548 2750 754 2796; x_wconf 79' lang='lat' dir='ltr'>cardinales,</span> <span class='ocrx_word' id='word_1_271' title='bbox 787 2754 992 2791; x_wconf 85' lang='lat' dir='ltr'>Semicardi-</span> 
     </span>
     <span class='ocr_line' id='line_1_55' title="bbox 213 2796 991 2848; baseline 0.013 -17"><span class='ocrx_word' id='word_1_272' title='bbox 213 2797 317 2839; x_wconf 85' lang='lat' dir='ltr'>nales,</span> <span class='ocrx_word' id='word_1_273' title='bbox 344 2796 526 2838; x_wconf 82' lang='lat' dir='ltr'>Mediani3</span> <span class='ocrx_word' id='word_1_274' title='bbox 554 2798 709 2838; x_wconf 85' lang='lat' dir='ltr'>Mediani</span> <span class='ocrx_word' id='word_1_275' title='bbox 737 2802 895 2848; x_wconf 78' lang='lat' dir='ltr'>maiores,</span> <span class='ocrx_word' id='word_1_276' title='bbox 923 2805 991 2840; x_wconf 90' lang='lat' dir='ltr'>mi-</span> 
     </span>
     <span class='ocr_line' id='line_1_56' title="bbox 210 2846 990 2898; baseline 0.015 -19"><span class='ocrx_word' id='word_1_277' title='bbox 210 2857 321 2889; x_wconf 89' lang='lat' dir='ltr'>nores,</span> <span class='ocrx_word' id='word_1_278' title='bbox 364 2846 442 2883; x_wconf 83' lang='lat' dir='ltr'>ibid.</span> <span class='ocrx_word' id='word_1_279' title='bbox 504 2847 638 2892; x_wconf 87' lang='lat' dir='ltr'>Liberi,</span> <span class='ocrx_word' id='word_1_280' title='bbox 683 2862 738 2896; x_wconf 85' lang='lat'>30.</span> <span class='ocrx_word' id='word_1_281' title='bbox 789 2846 990 2898; x_wconf 80' lang='lat' dir='ltr'>&#39;Generales‚</span> 
     </span>
     <span class='ocr_line' id='line_1_57' title="bbox 214 2895 991 2942; baseline 0.001 -3"><span class='ocrx_word' id='word_1_282' title='bbox 214 2905 273 2941; x_wconf 86' lang='lat'>3¹·</span> <span class='ocrx_word' id='word_1_283' title='bbox 323 2895 419 2938; x_wconf 85' lang='lat' dir='ltr'>Stati,</span> <span class='ocrx_word' id='word_1_284' title='bbox 448 2895 508 2939; x_wconf 80' lang='lat'>26,</span> <span class='ocrx_word' id='word_1_285' title='bbox 537 2907 594 2942; x_wconf 85' lang='lat'>32.</span> <span class='ocrx_word' id='word_1_286' title='bbox 643 2897 885 2939; x_wconf 84' lang='lat' dir='ltr'>Pomeridiano</span> <span class='ocrx_word' id='word_1_287' title='bbox 903 2912 991 2940; x_wconf 80' lang='lat' dir='ltr'>tem-</span> 
     </span>
     <span class='ocr_line' id='line_1_58' title="bbox 212 2943 991 2997; baseline 0.017 -20"><span class='ocrx_word' id='word_1_288' title='bbox 212 2955 296 2990; x_wconf 88' lang='lat' dir='ltr'>pore</span> <span class='ocrx_word' id='word_1_289' title='bbox 313 2943 486 2980; x_wconf 86' lang='lat' dir='ltr'>orientalis</span> <span class='ocrx_word' id='word_1_290' title='bbox 516 2946 649 2993; x_wconf 79' lang='lat' dir='ltr'>parcius</span> <span class='ocrx_word' id='word_1_291' title='bbox 678 2948 751 2992; x_wconf 86' lang='lat' dir='ltr'>flat,</span> <span class='ocrx_word' id='word_1_292' title='bbox 779 2964 834 2997; x_wconf 88' lang='lat'>31.</span> <span class='ocrx_word' id='word_1_293' title='bbox 884 2953 991 2989; x_wconf 87' lang='lat' dir='ltr'>Orni-</span> 
     </span>
     <span class='ocr_line' id='line_1_59' title="bbox 212 2992 990 3044; baseline 0.004 -17"><span class='ocrx_word' id='word_1_294' title='bbox 212 2992 273 3028; x_wconf 79' lang='lat' dir='ltr'>thii</span> <span class='ocrx_word' id='word_1_295' title='bbox 292 2993 360 3029; x_wconf 87' lang='lat' dir='ltr'>sive</span> <span class='ocrx_word' id='word_1_296' title='bbox 377 2994 508 3039; x_wconf 83' lang='lat' dir='ltr'>aviarii,</span> <span class='ocrx_word' id='word_1_297' title='bbox 530 3007 587 3043; x_wconf 82' lang='lat'>33.</span> <span class='ocrx_word' id='word_1_298' title='bbox 614 2997 784 3044; x_wconf 83' lang='lat' dir='ltr'>Affeclae,</span> <span class='ocrx_word' id='word_1_299' title='bbox 801 3001 877 3040; x_wconf 84' lang='lat' dir='ltr'>ibid.</span> <span class='ocrx_word' id='word_1_300' title='bbox 928 3002 990 3039; x_wconf 75' lang='lat' dir='ltr'>Li-</span> 
     </span>
    </p>
   </div>
   <div class='ocr_carea' id='block_1_3' title="bbox 972 80 1274 136">
    <p class='ocr_par' dir='ltr' id='par_1_4' title="bbox 972 80 1274 136">
     <span class='ocr_line' id='line_1_60' title="bbox 972 80 1274 136; baseline 0.007 -2"><span class='ocrx_word' id='word_1_301' title='bbox 972 80 1274 136; x_wconf 68' lang='lat' dir='ltr'>DEX.</span> 
     </span>
    </p>
   </div>
   <div class='ocr_carea' id='block_1_4' title="bbox 1083 185 1883 2655">
    <p class='ocr_par' dir='ltr' id='par_1_5' title="bbox 1083 185 1883 2655">
     <span class='ocr_line' id='line_1_61' title="bbox 1086 185 1866 233; baseline -0.001 -11"><span class='ocrx_word' id='word_1_302' title='bbox 1086 187 1156 222; x_wconf 83' lang='lat' dir='ltr'>beri</span> <span class='ocrx_word' id='word_1_303' title='bbox 1185 186 1294 233; x_wconf 81' lang='lat' dir='ltr'>magis</span> <span class='ocrx_word' id='word_1_304' title='bbox 1327 185 1457 232; x_wconf 80' lang='lat' dir='ltr'>hyemis</span> <span class='ocrx_word' id='word_1_305' title='bbox 1490 193 1593 233; x_wconf 85' lang='lat' dir='ltr'>quam</span> <span class='ocrx_word' id='word_1_306' title='bbox 1626 185 1756 221; x_wconf 53' lang='lat' dir='ltr'>aestatis</span> <span class='ocrx_word' id='word_1_307' title='bbox 1784 188 1866 222; x_wconf 75' lang='lat' dir='ltr'>affc-</span> 
     </span>
     <span class='ocr_line' id='line_1_62' title="bbox 1083 234 1866 281; baseline 0.001 -11"><span class='ocrx_word' id='word_1_308' title='bbox 1083 236 1181 276; x_wconf 86' lang='lat' dir='ltr'>clae·‚</span> <span class='ocrx_word' id='word_1_309' title='bbox 1227 234 1377 270; x_wconf 82' lang='lat' dir='ltr'>maxime</span> <span class='ocrx_word' id='word_1_310' title='bbox 1411 235 1565 270; x_wconf 85' lang='lat' dir='ltr'>autumni</span> <span class='ocrx_word' id='word_1_311' title='bbox 1600 235 1636 269; x_wconf 63' lang='lat' dir='ltr'>&amp;c</span> <span class='ocrx_word' id='word_1_312' title='bbox 1671 236 1769 278; x_wconf 74' lang='lat' dir='ltr'>veris,</span> <span class='ocrx_word' id='word_1_313' title='bbox 1808 249 1866 281; x_wconf 66' lang='lat'>34.</span> 
     </span>
     <span class='ocr_line' id='line_1_63' title="bbox 1085 284 1866 333; baseline 0 -14"><span class='ocrx_word' id='word_1_314' title='bbox 1085 285 1251 330; x_wconf 82' lang='lat' dir='ltr'>Tropaei,</span> <span class='ocrx_word' id='word_1_315' title='bbox 1298 296 1352 333; x_wconf 79' lang='lat'>35.</span> <span class='ocrx_word' id='word_1_316' title='bbox 1407 285 1492 319; x_wconf 86' lang='lat' dir='ltr'>Stati</span> <span class='ocrx_word' id='word_1_317' title='bbox 1522 296 1601 319; x_wconf 87' lang='lat' dir='ltr'>cum</span> <span class='ocrx_word' id='word_1_318' title='bbox 1635 284 1768 319; x_wconf 70' lang='lat' dir='ltr'>asseclis-</span> <span class='ocrx_word' id='word_1_319' title='bbox 1797 298 1866 319; x_wconf 75' lang='lat' dir='ltr'>uon</span> 
     </span>
     <span class='ocr_line' id='line_1_64' title="bbox 1084 332 1873 380; baseline 0.001 -12"><span class='ocrx_word' id='word_1_320' title='bbox 1084 333 1331 376; x_wconf 85' lang='lat' dir='ltr'>confundendi,</span> <span class='ocrx_word' id='word_1_321' title='bbox 1360 332 1436 369; x_wconf 77' lang='lat' dir='ltr'>ibid.</span> <span class='ocrx_word' id='word_1_322' title='bbox 1490 335 1661 368; x_wconf 81' lang='lat' dir='ltr'>Ventorum</span> <span class='ocrx_word' id='word_1_323' title='bbox 1693 335 1873 380; x_wconf 52' lang='lat' dir='ltr'>qualitatesv</span> 
     </span>
     <span class='ocr_line' id='line_1_65' title="bbox 1084 382 1867 431; baseline -0.001 -13"><span class='ocrx_word' id='word_1_324' title='bbox 1084 383 1122 418; x_wconf 71' lang='grc' dir='ltr'>δε</span> <span class='ocrx_word' id='word_1_325' title='bbox 1140 383 1333 431; x_wconf 87' lang='lat' dir='ltr'>potestates,</span> <span class='ocrx_word' id='word_1_326' title='bbox 1352 383 1427 419; x_wconf 71' lang='lat' dir='ltr'>ibid.</span> <span class='ocrx_word' id='word_1_327' title='bbox 1481 382 1707 419; x_wconf 88' lang='lat' dir='ltr'>Differentiae</span> <span class='ocrx_word' id='word_1_328' title='bbox 1739 383 1867 418; x_wconf 60' lang='lat' dir='ltr'>radica&lt;</span> 
     </span>
     <span class='ocr_line' id='line_1_66' title="bbox 1083 431 1868 479; baseline -0.001 -12"><span class='ocrx_word' id='word_1_329' title='bbox 1083 433 1144 474; x_wconf 87' lang='lat' dir='ltr'>les,</span> <span class='ocrx_word' id='word_1_330' title='bbox 1183 432 1240 478; x_wconf 86' lang='lat'>36.</span> <span class='ocrx_word' id='word_1_331' title='bbox 1292 432 1421 467; x_wconf 85' lang='lat' dir='ltr'>Tribus</span> <span class='ocrx_word' id='word_1_332' title='bbox 1453 432 1666 479; x_wconf 87' lang='lat' dir='ltr'>temporibus</span> <span class='ocrx_word' id='word_1_333' title='bbox 1697 431 1868 466; x_wconf 77' lang='lat' dir='ltr'>frumento</span> 
     </span>
     <span class='ocr_line' id='line_1_67' title="bbox 1086 481 1870 529; baseline -0.001 -13"><span class='ocrx_word' id='word_1_334' title='bbox 1086 482 1124 516; x_wconf 70' lang='grc' dir='ltr'>δε</span> <span class='ocrx_word' id='word_1_335' title='bbox 1143 481 1305 529; x_wconf 82' lang='lat' dir='ltr'>segetibus</span> <span class='ocrx_word' id='word_1_336' title='bbox 1336 491 1471 523; x_wconf 86' lang='lat' dir='ltr'>nocent,</span> <span class='ocrx_word' id='word_1_337' title='bbox 1506 493 1563 528; x_wconf 82' lang='lat'>37.</span> <span class='ocrx_word' id='word_1_338' title='bbox 1614 481 1676 516; x_wconf 89' lang='lat' dir='ltr'>Ab</span> <span class='ocrx_word' id='word_1_339' title='bbox 1692 482 1870 516; x_wconf 85' lang='lat' dir='ltr'>occidente</span> 
     </span>
     <span class='ocr_line' id='line_1_68' title="bbox 1084 530 1868 579; baseline -0.001 -14"><span class='ocrx_word' id='word_1_340' title='bbox 1084 531 1243 579; x_wconf 86' lang='lat' dir='ltr'>spirantes</span> <span class='ocrx_word' id='word_1_341' title='bbox 1273 531 1349 566; x_wconf 87' lang='lat' dir='ltr'>sunt</span> <span class='ocrx_word' id='word_1_342' title='bbox 1382 530 1652 566; x_wconf 85' lang='lat' dir='ltr'>vehementiores</span> <span class='ocrx_word' id='word_1_343' title='bbox 1686 542 1789 577; x_wconf 88' lang='lat' dir='ltr'>quam</span> <span class='ocrx_word' id='word_1_344' title='bbox 1825 531 1868 564; x_wconf 88' lang='lat' dir='ltr'>ab</span> 
     </span>
     <span class='ocr_line' id='line_1_69' title="bbox 1086 579 1868 623; baseline -0.001 -8"><span class='ocrx_word' id='word_1_345' title='bbox 1086 581 1228 623; x_wconf 86' lang='lat' dir='ltr'>oriente,</span> <span class='ocrx_word' id='word_1_346' title='bbox 1257 580 1335 616; x_wconf 85' lang='lat' dir='ltr'>ibid.</span> <span class='ocrx_word' id='word_1_347' title='bbox 1389 580 1640 622; x_wconf 85' lang='lat' dir='ltr'>Cardinalium,</span> <span class='ocrx_word' id='word_1_348' title='bbox 1664 579 1868 614; x_wconf 76' lang='lat' dir='ltr'>Semicardi-</span> 
     </span>
     <span class='ocr_line' id='line_1_70' title="bbox 1086 629 1868 677; baseline -0.001 -13"><span class='ocrx_word' id='word_1_349' title='bbox 1086 630 1232 671; x_wconf 87' lang='lat' dir='ltr'>nalium,</span> <span class='ocrx_word' id='word_1_350' title='bbox 1252 629 1290 664; x_wconf 87' lang='lat'>&amp;</span> <span class='ocrx_word' id='word_1_351' title='bbox 1309 629 1556 665; x_wconf 87' lang='lat' dir='ltr'>Medianorum</span> <span class='ocrx_word' id='word_1_352' title='bbox 1588 629 1780 677; x_wconf 76' lang='lat' dir='ltr'>potestates,</span> <span class='ocrx_word' id='word_1_353' title='bbox 1810 640 1868 675; x_wconf 83' lang='lat'>37,</span> 
     </span>
     <span class='ocr_line' id='line_1_71' title="bbox 1090 678 1874 726; baseline -0.003 -12"><span class='ocrx_word' id='word_1_354' title='bbox 1090 681 1147 724; x_wconf 82' lang='lat'>38.</span> <span class='ocrx_word' id='word_1_355' title='bbox 1200 678 1346 726; x_wconf 84' lang='lat' dir='ltr'>Frigidi‚</span> <span class='ocrx_word' id='word_1_356' title='bbox 1386 679 1459 726; x_wconf 86' lang='lat' dir='ltr'>qui,</span> <span class='ocrx_word' id='word_1_357' title='bbox 1501 680 1556 724; x_wconf 85' lang='lat'>38.</span> <span class='ocrx_word' id='word_1_358' title='bbox 1609 680 1704 713; x_wconf 83' lang='lat' dir='ltr'>Venti</span> <span class='ocrx_word' id='word_1_359' title='bbox 1738 687 1874 713; x_wconf 61' lang='lat' dir='ltr'>naturas*</span> 
     </span>
     <span class='ocr_line' id='line_1_72' title="bbox 1086 727 1869 776; baseline -0.001 -13"><span class='ocrx_word' id='word_1_360' title='bbox 1086 729 1156 763; x_wconf 84' lang='lat' dir='ltr'>suas</span> <span class='ocrx_word' id='word_1_361' title='bbox 1186 728 1338 776; x_wconf 90' lang='lat' dir='ltr'>quinque</span> <span class='ocrx_word' id='word_1_362' title='bbox 1373 727 1486 763; x_wconf 89' lang='lat' dir='ltr'>modis</span> <span class='ocrx_word' id='word_1_363' title='bbox 1519 727 1766 770; x_wconf 81' lang='lat' dir='ltr'>nanciscuntur,</span> <span class='ocrx_word' id='word_1_364' title='bbox 1793 728 1869 762; x_wconf 82' lang='lat' dir='ltr'>ibid.</span> 
     </span>
     <span class='ocr_line' id='line_1_73' title="bbox 1089 776 1868 825; baseline 0 -14"><span class='ocrx_word' id='word_1_365' title='bbox 1089 777 1223 813; x_wconf 89' lang='lat' dir='ltr'>Omnes</span> <span class='ocrx_word' id='word_1_366' title='bbox 1271 777 1398 813; x_wconf 87' lang='lat' dir='ltr'>habent</span> <span class='ocrx_word' id='word_1_367' title='bbox 1435 777 1634 825; x_wconf 86' lang='lat' dir='ltr'>potestatem</span> <span class='ocrx_word' id='word_1_368' title='bbox 1668 776 1868 818; x_wconf 77' lang='lat' dir='ltr'>desiccandi,</span> 
     </span>
     <span class='ocr_line' id='line_1_74' title="bbox 1083 824 1870 874; baseline -0.001 -13"><span class='ocrx_word' id='word_1_369' title='bbox 1083 827 1162 863; x_wconf 87' lang='lat' dir='ltr'>ibid.</span> <span class='ocrx_word' id='word_1_370' title='bbox 1213 826 1341 863; x_wconf 65' lang='lat' dir='ltr'>Aerem</span> <span class='ocrx_word' id='word_1_371' title='bbox 1368 836 1530 874; x_wconf 85' lang='lat' dir='ltr'>purgant,</span> <span class='ocrx_word' id='word_1_372' title='bbox 1557 824 1637 862; x_wconf 76' lang='lat' dir='ltr'>ibid.</span> <span class='ocrx_word' id='word_1_373' title='bbox 1685 826 1870 873; x_wconf 77' lang='lat' dir='ltr'>Origineni</span> 
     </span>
     <span class='ocr_line' id='line_1_75' title="bbox 1086 875 1870 924; baseline -0.001 -13"><span class='ocrx_word' id='word_1_374' title='bbox 1086 876 1246 912; x_wconf 85' lang='lat' dir='ltr'>habenta</span> <span class='ocrx_word' id='word_1_375' title='bbox 1263 876 1341 918; x_wconf 89' lang='lat' dir='ltr'>sole,</span> <span class='ocrx_word' id='word_1_376' title='bbox 1369 876 1406 910; x_wconf 73' lang='grc' dir='ltr'>δε</span> <span class='ocrx_word' id='word_1_377' title='bbox 1424 889 1530 924; x_wconf 87' lang='lat' dir='ltr'>aeque</span> <span class='ocrx_word' id='word_1_378' title='bbox 1555 886 1613 910; x_wconf 85' lang='lat' dir='ltr'>aut</span> <span class='ocrx_word' id='word_1_379' title='bbox 1641 875 1717 923; x_wconf 86' lang='lat' dir='ltr'>plus</span> <span class='ocrx_word' id='word_1_380' title='bbox 1746 876 1870 922; x_wconf 85' lang='lat' dir='ltr'>guber-</span> 
     </span>
     <span class='ocr_line' id='line_1_76' title="bbox 1084 924 1872 974; baseline -0.003 -14"><span class='ocrx_word' id='word_1_381' title='bbox 1084 935 1164 961; x_wconf 76' lang='lat' dir='ltr'>nant</span> <span class='ocrx_word' id='word_1_382' title='bbox 1190 935 1439 974; x_wconf 86' lang='lat' dir='ltr'>temperaturas</span> <span class='ocrx_word' id='word_1_383' title='bbox 1464 926 1643 973; x_wconf 77' lang='lat' dir='ltr'>regionum</span> <span class='ocrx_word' id='word_1_384' title='bbox 1670 937 1775 971; x_wconf 88' lang='lat' dir='ltr'>quam</span> <span class='ocrx_word' id='word_1_385' title='bbox 1804 924 1872 972; x_wconf 85' lang='lat' dir='ltr'>ipse</span> 
     </span>
     <span class='ocr_line' id='line_1_77' title="bbox 1089 973 1879 1022; baseline -0.003 -13"><span class='ocrx_word' id='word_1_386' title='bbox 1089 975 1152 1018; x_wconf 89' lang='lat' dir='ltr'>sol,</span> <span class='ocrx_word' id='word_1_387' title='bbox 1193 976 1269 1012; x_wconf 88' lang='lat' dir='ltr'>ibid.</span> <span class='ocrx_word' id='word_1_388' title='bbox 1322 976 1407 1011; x_wconf 87' lang='lat' dir='ltr'>Sunt</span> <span class='ocrx_word' id='word_1_389' title='bbox 1438 984 1601 1022; x_wconf 87' lang='lat' dir='ltr'>tanquam</span> <span class='ocrx_word' id='word_1_390' title='bbox 1635 973 1879 1009; x_wconf 86' lang='lat' dir='ltr'>inundationes.</span> 
     </span>
     <span class='ocr_line' id='line_1_78' title="bbox 1089 1022 1873 1070; baseline 0 -11"><span class='ocrx_word' id='word_1_391' title='bbox 1089 1024 1126 1059; x_wconf 83' lang='lat'>&amp;</span> <span class='ocrx_word' id='word_1_392' title='bbox 1158 1024 1275 1061; x_wconf 66' lang='lat' dir='ltr'>fluetus</span> <span class='ocrx_word' id='word_1_393' title='bbox 1306 1024 1425 1070; x_wconf 84' lang='lat' dir='ltr'>magni</span> <span class='ocrx_word' id='word_1_394' title='bbox 1457 1025 1552 1066; x_wconf 69' lang='lat' dir='ltr'>aeris,</span> <span class='ocrx_word' id='word_1_395' title='bbox 1579 1024 1658 1059; x_wconf 56' lang='lat' dir='ltr'>ibid.</span> <span class='ocrx_word' id='word_1_396' title='bbox 1713 1022 1873 1070; x_wconf 76' lang='lat' dir='ltr'>Origines</span> 
     </span>
     <span class='ocr_line' id='line_1_79' title="bbox 1088 1073 1871 1120; baseline -0.003 -11"><span class='ocrx_word' id='word_1_397' title='bbox 1088 1074 1211 1110; x_wconf 79' lang='lat' dir='ltr'>locales</span> <span class='ocrx_word' id='word_1_398' title='bbox 1247 1075 1321 1110; x_wconf 89' lang='lat' dir='ltr'>sunt</span> <span class='ocrx_word' id='word_1_399' title='bbox 1362 1074 1485 1110; x_wconf 77' lang='lat' dir='ltr'>arduae</span> <span class='ocrx_word' id='word_1_400' title='bbox 1535 1073 1768 1120; x_wconf 77' lang='lat' dir='ltr'>inquisitionis,</span> <span class='ocrx_word' id='word_1_401' title='bbox 1814 1084 1871 1119; x_wconf 86' lang='lat'>39.</span> 
     </span>
     <span class='ocr_line' id='line_1_80' title="bbox 1090 1122 1874 1171; baseline -0.003 -13"><span class='ocrx_word' id='word_1_402' title='bbox 1090 1126 1260 1159; x_wconf 81' lang='lat' dir='ltr'>Ventorum</span> <span class='ocrx_word' id='word_1_403' title='bbox 1294 1123 1547 1171; x_wconf 86' lang='lat' dir='ltr'>particularium</span> <span class='ocrx_word' id='word_1_404' title='bbox 1589 1122 1744 1158; x_wconf 84' lang='lat' dir='ltr'>matrices</span> <span class='ocrx_word' id='word_1_405' title='bbox 1783 1123 1874 1157; x_wconf 85' lang='lat' dir='ltr'>unde</span> 
     </span>
     <span class='ocr_line' id='line_1_81' title="bbox 1089 1170 1874 1218; baseline -0.004 -10"><span class='ocrx_word' id='word_1_406' title='bbox 1089 1173 1264 1218; x_wconf 84' lang='lat' dir='ltr'>petendae,</span> <span class='ocrx_word' id='word_1_407' title='bbox 1282 1173 1361 1209; x_wconf 87' lang='lat' dir='ltr'>ibid.</span> <span class='ocrx_word' id='word_1_408' title='bbox 1413 1172 1520 1208; x_wconf 89' lang='lat' dir='ltr'>Mille</span> <span class='ocrx_word' id='word_1_409' title='bbox 1539 1170 1651 1208; x_wconf 87' lang='lat' dir='ltr'>modis</span> <span class='ocrx_word' id='word_1_410' title='bbox 1669 1172 1767 1212; x_wconf 87' lang='lat' dir='ltr'>fiunt,</span> <span class='ocrx_word' id='word_1_411' title='bbox 1793 1171 1874 1206; x_wconf 87' lang='lat' dir='ltr'>ibid.</span> 
     </span>
     <span class='ocr_line' id='line_1_82' title="bbox 1091 1220 1875 1270; baseline -0.001 -14"><span class='ocrx_word' id='word_1_412' title='bbox 1091 1223 1275 1270; x_wconf 81' lang='lat' dir='ltr'>Tanquam</span> <span class='ocrx_word' id='word_1_413' title='bbox 1321 1232 1525 1258; x_wconf 84' lang='lat' dir='ltr'>mercatores</span> <span class='ocrx_word' id='word_1_414' title='bbox 1568 1233 1739 1268; x_wconf 87' lang='lat' dir='ltr'>vaporum</span> <span class='ocrx_word' id='word_1_415' title='bbox 1785 1220 1875 1261; x_wconf 86' lang='lat' dir='ltr'>sunt,</span> 
     </span>
     <span class='ocr_line' id='line_1_83' title="bbox 1090 1269 1873 1318; baseline 0 -14"><span class='ocrx_word' id='word_1_416' title='bbox 1090 1271 1167 1307; x_wconf 85' lang='lat' dir='ltr'>ibid.</span> <span class='ocrx_word' id='word_1_417' title='bbox 1231 1274 1403 1307; x_wconf 85' lang='lat' dir='ltr'>Ventorum</span> <span class='ocrx_word' id='word_1_418' title='bbox 1448 1270 1541 1318; x_wconf 84' lang='lat' dir='ltr'>quasi</span> <span class='ocrx_word' id='word_1_419' title='bbox 1586 1270 1749 1313; x_wconf 83' lang='lat' dir='ltr'>thesauri,</span> <span class='ocrx_word' id='word_1_420' title='bbox 1792 1269 1873 1305; x_wconf 87' lang='lat' dir='ltr'>ibid.</span> 
     </span>
     <span class='ocr_line' id='line_1_84' title="bbox 1092 1319 1877 1368; baseline 0 -14"><span class='ocrx_word' id='word_1_421' title='bbox 1092 1321 1183 1355; x_wconf 84' lang='lat' dir='ltr'>Ortu</span> <span class='ocrx_word' id='word_1_422' title='bbox 1210 1321 1340 1368; x_wconf 77' lang='lat' dir='ltr'>exigui,</span> <span class='ocrx_word' id='word_1_423' title='bbox 1367 1320 1558 1368; x_wconf 72' lang='lat' dir='ltr'>progressu,</span> <span class='ocrx_word' id='word_1_424' title='bbox 1590 1319 1776 1355; x_wconf 89' lang='lat' dir='ltr'>humorum</span> <span class='ocrx_word' id='word_1_425' title='bbox 1795 1331 1877 1354; x_wconf 87' lang='lat' dir='ltr'>mo-</span> 
     </span>
     <span class='ocr_line' id='line_1_85' title="bbox 1091 1368 1876 1415; baseline -0.003 -10"><span class='ocrx_word' id='word_1_426' title='bbox 1091 1382 1138 1411; x_wconf 88' lang='lat' dir='ltr'>re,</span> <span class='ocrx_word' id='word_1_427' title='bbox 1166 1369 1387 1412; x_wconf 83' lang='lat' dir='ltr'>invalescunt,</span> <span class='ocrx_word' id='word_1_428' title='bbox 1415 1381 1474 1413; x_wconf 86' lang='lat'>40.</span> <span class='ocrx_word' id='word_1_429' title='bbox 1526 1370 1621 1403; x_wconf 87' lang='lat' dir='ltr'>Venti</span> <span class='ocrx_word' id='word_1_430' title='bbox 1639 1368 1797 1404; x_wconf 85' lang='lat' dir='ltr'>inferiore</span> <span class='ocrx_word' id='word_1_431' title='bbox 1814 1380 1876 1415; x_wconf 84' lang='lat' dir='ltr'>ge-</span> 
     </span>
     <span class='ocr_line' id='line_1_86' title="bbox 1088 1417 1877 1465; baseline 0 -13"><span class='ocrx_word' id='word_1_432' title='bbox 1088 1419 1194 1454; x_wconf 86' lang='lat' dir='ltr'>nerati</span> <span class='ocrx_word' id='word_1_433' title='bbox 1226 1420 1312 1462; x_wconf 71' lang='lat' dir='ltr'>acre,</span> <span class='ocrx_word' id='word_1_434' title='bbox 1350 1419 1658 1464; x_wconf 84' lang='lat' dir='ltr'>superonerationes</span> <span class='ocrx_word' id='word_1_435' title='bbox 1700 1417 1877 1465; x_wconf 86' lang='lat' dir='ltr'>appellan-</span> 
     </span>
     <span class='ocr_line' id='line_1_87' title="bbox 1091 1467 1876 1516; baseline 0 -14"><span class='ocrx_word' id='word_1_436' title='bbox 1091 1477 1159 1510; x_wconf 86' lang='lat' dir='ltr'>tur,</span> <span class='ocrx_word' id='word_1_437' title='bbox 1173 1480 1232 1513; x_wconf 86' lang='lat'>41.</span> <span class='ocrx_word' id='word_1_438' title='bbox 1259 1468 1455 1516; x_wconf 86' lang='lat' dir='ltr'>Antequam</span> <span class='ocrx_word' id='word_1_439' title='bbox 1472 1469 1566 1502; x_wconf 86' lang='lat' dir='ltr'>venti</span> <span class='ocrx_word' id='word_1_440' title='bbox 1582 1467 1724 1514; x_wconf 85' lang='lat' dir='ltr'>desuper</span> <span class='ocrx_word' id='word_1_441' title='bbox 1738 1467 1876 1502; x_wconf 86' lang='lat' dir='ltr'>descen-</span> 
     </span>
     <span class='ocr_line' id='line_1_88' title="bbox 1089 1516 1877 1566; baseline -0.001 -14"><span class='ocrx_word' id='word_1_442' title='bbox 1089 1518 1204 1553; x_wconf 85' lang='lat' dir='ltr'>dentes</span> <span class='ocrx_word' id='word_1_443' title='bbox 1232 1518 1480 1566; x_wconf 86' lang='lat' dir='ltr'>percipiuntur,</span> <span class='ocrx_word' id='word_1_444' title='bbox 1515 1516 1687 1564; x_wconf 83' lang='lat' dir='ltr'>sylvarum</span> <span class='ocrx_word' id='word_1_445' title='bbox 1719 1528 1877 1552; x_wconf 86' lang='lat' dir='ltr'>murmur</span> 
     </span>
     <span class='ocr_line' id='line_1_89' title="bbox 1094 1566 1876 1614; baseline 0 -13"><span class='ocrx_word' id='word_1_446' title='bbox 1094 1566 1323 1610; x_wconf 86' lang='lat' dir='ltr'>increbrescit,</span> <span class='ocrx_word' id='word_1_447' title='bbox 1367 1579 1426 1611; x_wconf 87' lang='lat'>41.</span> <span class='ocrx_word' id='word_1_448' title='bbox 1462 1567 1661 1602; x_wconf 85' lang='lat' dir='ltr'>-Ventorum</span> <span class='ocrx_word' id='word_1_449' title='bbox 1706 1566 1876 1614; x_wconf 85' lang='lat' dir='ltr'>quaedam</span> 
     </span>
     <span class='ocr_line' id='line_1_90' title="bbox 1092 1614 1878 1664; baseline 0 -14"><span class='ocrx_word' id='word_1_450' title='bbox 1092 1616 1324 1664; x_wconf 82' lang='lat' dir='ltr'>prognostica,</span> <span class='ocrx_word' id='word_1_451' title='bbox 1369 1615 1450 1652; x_wconf 83' lang='lat' dir='ltr'>ibid.</span> <span class='ocrx_word' id='word_1_452' title='bbox 1500 1614 1703 1652; x_wconf 87' lang='lat' dir='ltr'>Differentia</span> <span class='ocrx_word' id='word_1_453' title='bbox 1741 1616 1785 1650; x_wconf 91' lang='lat' dir='ltr'>de</span> <span class='ocrx_word' id='word_1_454' title='bbox 1811 1615 1878 1650; x_wconf 93' lang='lat' dir='ltr'>du-</span> 
     </span>
     <span class='ocr_line' id='line_1_91' title="bbox 1094 1664 1879 1713; baseline -0.001 -13"><span class='ocrx_word' id='word_1_455' title='bbox 1094 1665 1177 1713; x_wconf 86' lang='lat' dir='ltr'>plici</span> <span class='ocrx_word' id='word_1_456' title='bbox 1210 1667 1427 1713; x_wconf 85' lang='lat' dir='ltr'>generatione</span> <span class='ocrx_word' id='word_1_457' title='bbox 1454 1673 1622 1701; x_wconf 82' lang='lat' dir='ltr'>ventorum</span> <span class='ocrx_word' id='word_1_458' title='bbox 1656 1665 1690 1699; x_wconf 89' lang='lat' dir='ltr'>in</span> <span class='ocrx_word' id='word_1_459' title='bbox 1724 1664 1879 1704; x_wconf 83' lang='lat' dir='ltr'>sublimi,</span> 
     </span>
     <span class='ocr_line' id='line_1_92' title="bbox 1094 1714 1880 1752; baseline -0.001 -2"><span class='ocrx_word' id='word_1_460' title='bbox 1094 1715 1171 1751; x_wconf 86' lang='lat' dir='ltr'>ibid.</span> <span class='ocrx_word' id='word_1_461' title='bbox 1223 1718 1395 1752; x_wconf 84' lang='lat' dir='ltr'>Ventorum</span> <span class='ocrx_word' id='word_1_462' title='bbox 1423 1715 1538 1751; x_wconf 82' lang='lat' dir='ltr'>causae</span> <span class='ocrx_word' id='word_1_463' title='bbox 1555 1728 1575 1750; x_wconf 87' lang='lat' dir='ltr'>a</span> <span class='ocrx_word' id='word_1_464' title='bbox 1607 1714 1781 1750; x_wconf 89' lang='lat' dir='ltr'>veteribus</span> <span class='ocrx_word' id='word_1_465' title='bbox 1797 1725 1880 1749; x_wconf 90' lang='lat' dir='ltr'>con-</span> 
     </span>
     <span class='ocr_line' id='line_1_93' title="bbox 1093 1763 1879 1812; baseline 0.001 -13"><span class='ocrx_word' id='word_1_466' title='bbox 1093 1764 1164 1800; x_wconf 90' lang='lat' dir='ltr'>fuse</span> <span class='ocrx_word' id='word_1_467' title='bbox 1180 1766 1338 1809; x_wconf 86' lang='lat' dir='ltr'>traditae,</span> <span class='ocrx_word' id='word_1_468' title='bbox 1372 1778 1431 1811; x_wconf 87' lang='lat'>44.</span> <span class='ocrx_word' id='word_1_469' title='bbox 1483 1766 1579 1800; x_wconf 78' lang='lat' dir='ltr'>Venti</span> <span class='ocrx_word' id='word_1_470' title='bbox 1603 1763 1791 1812; x_wconf 72' lang='lat' dir='ltr'>vaporarfi,</span> <span class='ocrx_word' id='word_1_471' title='bbox 1817 1774 1879 1809; x_wconf 84' lang='lat'>45.</span> 
     </span>
     <span class='ocr_line' id='line_1_94' title="bbox 1093 1812 1880 1858; baseline 0 -9"><span class='ocrx_word' id='word_1_472' title='bbox 1093 1813 1227 1850; x_wconf 89' lang='lat' dir='ltr'>Eorum</span> <span class='ocrx_word' id='word_1_473' title='bbox 1257 1816 1406 1852; x_wconf 90' lang='lat' dir='ltr'>efficiens</span> <span class='ocrx_word' id='word_1_474' title='bbox 1435 1814 1499 1858; x_wconf 90' lang='lat' dir='ltr'>sol,</span> <span class='ocrx_word' id='word_1_475' title='bbox 1537 1814 1616 1851; x_wconf 88' lang='lat' dir='ltr'>ibid.</span> <span class='ocrx_word' id='word_1_476' title='bbox 1666 1813 1724 1849; x_wconf 83' lang='lat' dir='ltr'>Ex</span> <span class='ocrx_word' id='word_1_477' title='bbox 1752 1812 1880 1850; x_wconf 57' lang='lat' dir='ltr'>resolua</span> 
     </span>
     <span class='ocr_line' id='line_1_95' title="bbox 1091 1863 1881 1911; baseline -0.004 -11"><span class='ocrx_word' id='word_1_478' title='bbox 1091 1864 1238 1900; x_wconf 90' lang='lat' dir='ltr'>tionibus</span> <span class='ocrx_word' id='word_1_479' title='bbox 1273 1866 1419 1909; x_wconf 89' lang='lat' dir='ltr'>nivium,</span> <span class='ocrx_word' id='word_1_480' title='bbox 1461 1864 1522 1908; x_wconf 88' lang='lat'>46.</span> <span class='ocrx_word' id='word_1_481' title='bbox 1580 1863 1747 1900; x_wconf 88' lang='lat' dir='ltr'>Sedantur</span> <span class='ocrx_word' id='word_1_482' title='bbox 1779 1863 1881 1911; x_wconf 86' lang='lat' dir='ltr'>quin-</span> 
     </span>
     <span class='ocr_line' id='line_1_96' title="bbox 1093 1912 1877 1962; baseline -0.001 -13"><span class='ocrx_word' id='word_1_483' title='bbox 1093 1926 1161 1961; x_wconf 90' lang='lat' dir='ltr'>que</span> <span class='ocrx_word' id='word_1_484' title='bbox 1181 1914 1306 1958; x_wconf 90' lang='lat' dir='ltr'>modis,</span> <span class='ocrx_word' id='word_1_485' title='bbox 1324 1926 1383 1962; x_wconf 87' lang='lat'>47.</span> <span class='ocrx_word' id='word_1_486' title='bbox 1423 1914 1596 1950; x_wconf 81' lang='lat' dir='ltr'>Ventorum</span> <span class='ocrx_word' id='word_1_487' title='bbox 1613 1913 1770 1956; x_wconf 88' lang='lat' dir='ltr'>altitudo,</span> <span class='ocrx_word' id='word_1_488' title='bbox 1798 1912 1877 1948; x_wconf 87' lang='lat' dir='ltr'>ibid.</span> 
     </span>
     <span class='ocr_line' id='line_1_97' title="bbox 1090 1961 1881 2010; baseline -0.003 -12"><span class='ocrx_word' id='word_1_489' title='bbox 1090 1962 1275 2000; x_wconf 81' lang='lat' dir='ltr'>Procellosi</span> <span class='ocrx_word' id='word_1_490' title='bbox 1315 1977 1384 2000; x_wconf 90' lang='lat' dir='ltr'>non</span> <span class='ocrx_word' id='word_1_491' title='bbox 1418 1965 1649 2000; x_wconf 86' lang='lat' dir='ltr'>extenduntur</span> <span class='ocrx_word' id='word_1_492' title='bbox 1682 1974 1743 2010; x_wconf 84' lang='lat' dir='ltr'>per</span> <span class='ocrx_word' id='word_1_493' title='bbox 1781 1961 1881 2009; x_wconf 81' lang='lat' dir='ltr'>larga</span> 
     </span>
     <span class='ocr_line' id='line_1_98' title="bbox 1090 2012 1880 2060; baseline -0.001 -13"><span class='ocrx_word' id='word_1_494' title='bbox 1090 2012 1206 2060; x_wconf 81' lang='lat' dir='ltr'>spatia,</span> <span class='ocrx_word' id='word_1_495' title='bbox 1250 2015 1310 2058; x_wconf 88' lang='lat'>48.</span> <span class='ocrx_word' id='word_1_496' title='bbox 1360 2013 1520 2057; x_wconf 87' lang='lat' dir='ltr'>Duratio,</span> <span class='ocrx_word' id='word_1_497' title='bbox 1562 2013 1644 2050; x_wconf 87' lang='lat' dir='ltr'>ibid.</span> <span class='ocrx_word' id='word_1_498' title='bbox 1694 2012 1880 2048; x_wconf 84' lang='lat' dir='ltr'>Succeffio-</span> 
     </span>
     <span class='ocr_line' id='line_1_99' title="bbox 1089 2061 1880 2108; baseline 0 -12"><span class='ocrx_word' id='word_1_499' title='bbox 1089 2074 1161 2104; x_wconf 88' lang='lat' dir='ltr'>nes,</span> <span class='ocrx_word' id='word_1_500' title='bbox 1188 2063 1267 2100; x_wconf 85' lang='lat' dir='ltr'>ibid.</span> <span class='ocrx_word' id='word_1_501' title='bbox 1321 2063 1520 2106; x_wconf 60' lang='lat' dir='ltr'>Conflidus,</span> <span class='ocrx_word' id='word_1_502' title='bbox 1548 2075 1605 2108; x_wconf 89' lang='lat'>51.</span> <span class='ocrx_word' id='word_1_503' title='bbox 1658 2061 1781 2098; x_wconf 85' lang='lat' dir='ltr'>Motus</span> <span class='ocrx_word' id='word_1_504' title='bbox 1800 2073 1880 2096; x_wconf 77' lang='lat' dir='ltr'>ven«</span> 
     </span>
     <span class='ocr_line' id='line_1_100' title="bbox 1093 2111 1882 2160; baseline 0 -14"><span class='ocrx_word' id='word_1_505' title='bbox 1093 2118 1198 2146; x_wconf 88' lang='lat' dir='ltr'>torum</span> <span class='ocrx_word' id='word_1_506' title='bbox 1223 2113 1314 2148; x_wconf 91' lang='lat' dir='ltr'>unde</span> <span class='ocrx_word' id='word_1_507' title='bbox 1346 2114 1525 2156; x_wconf 87' lang='lat' dir='ltr'>excitatur,</span> <span class='ocrx_word' id='word_1_508' title='bbox 1561 2124 1623 2160; x_wconf 90' lang='lat'>49.</span> <span class='ocrx_word' id='word_1_509' title='bbox 1691 2111 1882 2159; x_wconf 87' lang='lat' dir='ltr'>Praecipue</span> 
     </span>
     <span class='ocr_line' id='line_1_101' title="bbox 1092 2160 1882 2205; baseline 0.001 -9"><span class='ocrx_word' id='word_1_510' title='bbox 1092 2173 1134 2196; x_wconf 90' lang='lat' dir='ltr'>ex</span> <span class='ocrx_word' id='word_1_511' title='bbox 1152 2174 1243 2197; x_wconf 87' lang='lat' dir='ltr'>nova</span> <span class='ocrx_word' id='word_1_512' title='bbox 1266 2164 1447 2199; x_wconf 81' lang='lat' dir='ltr'>accessione</span> <span class='ocrx_word' id='word_1_513' title='bbox 1474 2161 1572 2205; x_wconf 66' lang='lat' dir='ltr'>aeris,</span> <span class='ocrx_word' id='word_1_514' title='bbox 1597 2161 1676 2198; x_wconf 89' lang='lat' dir='ltr'>ibid.</span> <span class='ocrx_word' id='word_1_515' title='bbox 1724 2160 1882 2197; x_wconf 64' lang='lat' dir='ltr'>Direftio</span> 
     </span>
     <span class='ocr_line' id='line_1_102' title="bbox 1094 2210 1880 2258; baseline -0.001 -12"><span class='ocrx_word' id='word_1_516' title='bbox 1094 2220 1207 2247; x_wconf 86' lang='lat' dir='ltr'>motus</span> <span class='ocrx_word' id='word_1_517' title='bbox 1222 2220 1389 2248; x_wconf 86' lang='lat' dir='ltr'>ventorum</span> <span class='ocrx_word' id='word_1_518' title='bbox 1407 2213 1448 2248; x_wconf 89' lang='lat' dir='ltr'>fit</span> <span class='ocrx_word' id='word_1_519' title='bbox 1471 2225 1491 2248; x_wconf 86' lang='lat' dir='ltr'>a</span> <span class='ocrx_word' id='word_1_520' title='bbox 1519 2212 1655 2254; x_wconf 86' lang='lat' dir='ltr'>fomite,</span> <span class='ocrx_word' id='word_1_521' title='bbox 1682 2222 1739 2258; x_wconf 91' lang='lat'>50.</span> <span class='ocrx_word' id='word_1_522' title='bbox 1791 2210 1880 2245; x_wconf 81' lang='lat' dir='ltr'>Mo-</span> 
     </span>
     <span class='ocr_line' id='line_1_103' title="bbox 1094 2260 1883 2307; baseline -0.001 -11"><span class='ocrx_word' id='word_1_523' title='bbox 1094 2269 1148 2296; x_wconf 90' lang='lat' dir='ltr'>tus</span> <span class='ocrx_word' id='word_1_524' title='bbox 1180 2269 1348 2297; x_wconf 83' lang='lat' dir='ltr'>ventorum</span> <span class='ocrx_word' id='word_1_525' title='bbox 1382 2262 1417 2297; x_wconf 91' lang='lat' dir='ltr'>in</span> <span class='ocrx_word' id='word_1_526' title='bbox 1447 2261 1604 2304; x_wconf 83' lang='lat' dir='ltr'>navibus,</span> <span class='ocrx_word' id='word_1_527' title='bbox 1633 2270 1693 2307; x_wconf 85' lang='lat'>52,</span> <span class='ocrx_word' id='word_1_528' title='bbox 1719 2261 1788 2297; x_wconf 87' lang='lat' dir='ltr'>&amp;c.</span> <span class='ocrx_word' id='word_1_529' title='bbox 1840 2260 1883 2295; x_wconf 86' lang='lat' dir='ltr'>In</span> 
     </span>
     <span class='ocr_line' id='line_1_104' title="bbox 1095 2310 1880 2358; baseline -0.003 -12"><span class='ocrx_word' id='word_1_530' title='bbox 1095 2311 1261 2347; x_wconf 86' lang='lat' dir='ltr'>machinis</span> <span class='ocrx_word' id='word_1_531' title='bbox 1280 2311 1449 2354; x_wconf 89' lang='lat' dir='ltr'>humanis,</span> <span class='ocrx_word' id='word_1_532' title='bbox 1477 2310 1538 2357; x_wconf 87' lang='lat'>56,</span> <span class='ocrx_word' id='word_1_533' title='bbox 1567 2322 1626 2358; x_wconf 86' lang='lat'>57.</span> <span class='ocrx_word' id='word_1_534' title='bbox 1679 2311 1719 2346; x_wconf 92' lang='lat' dir='ltr'>In</span> <span class='ocrx_word' id='word_1_535' title='bbox 1747 2310 1880 2345; x_wconf 88' lang='lat' dir='ltr'>molen-</span> 
     </span>
     <span class='ocr_line' id='line_1_105' title="bbox 1094 2359 1880 2408; baseline -0.001 -13"><span class='ocrx_word' id='word_1_536' title='bbox 1094 2359 1186 2396; x_wconf 88' lang='lat' dir='ltr'>dinis</span> <span class='ocrx_word' id='word_1_537' title='bbox 1203 2361 1382 2408; x_wconf 89' lang='lat' dir='ltr'>quomodo</span> <span class='ocrx_word' id='word_1_538' title='bbox 1394 2362 1448 2403; x_wconf 86' lang='lat' dir='ltr'>fit,</span> <span class='ocrx_word' id='word_1_539' title='bbox 1476 2361 1535 2407; x_wconf 90' lang='lat'>56.</span> <span class='ocrx_word' id='word_1_540' title='bbox 1588 2360 1880 2408; x_wconf 86' lang='lat' dir='ltr'>Experimentum</span> 
     </span>
     <span class='ocr_line' id='line_1_106' title="bbox 1095 2408 1881 2458; baseline 0 -14"><span class='ocrx_word' id='word_1_541' title='bbox 1095 2409 1140 2445; x_wconf 92' lang='lat' dir='ltr'>de</span> <span class='ocrx_word' id='word_1_542' title='bbox 1155 2422 1197 2446; x_wconf 89' lang='lat' dir='ltr'>eo</span> <span class='ocrx_word' id='word_1_543' title='bbox 1228 2411 1398 2458; x_wconf 86' lang='lat' dir='ltr'>augendo,</span> <span class='ocrx_word' id='word_1_544' title='bbox 1428 2422 1486 2458; x_wconf 88' lang='lat'>57.</span> <span class='ocrx_word' id='word_1_545' title='bbox 1535 2411 1633 2445; x_wconf 84' lang='lat' dir='ltr'>Venti</span> <span class='ocrx_word' id='word_1_546' title='bbox 1662 2422 1704 2445; x_wconf 86' lang='lat' dir='ltr'>ex</span> <span class='ocrx_word' id='word_1_547' title='bbox 1720 2409 1810 2445; x_wconf 89' lang='lat' dir='ltr'>nitro</span> <span class='ocrx_word' id='word_1_548' title='bbox 1824 2408 1881 2448; x_wconf 76' lang='lat' dir='ltr'>fa-</span> 
     </span>
     <span class='ocr_line' id='line_1_107' title="bbox 1094 2459 1881 2506; baseline 0 -12"><span class='ocrx_word' id='word_1_549' title='bbox 1094 2459 1156 2501; x_wconf 67' lang='lat' dir='ltr'>eii,</span> <span class='ocrx_word' id='word_1_550' title='bbox 1183 2459 1240 2506; x_wconf 82' lang='lat'>63.</span> <span class='ocrx_word' id='word_1_551' title='bbox 1292 2460 1414 2497; x_wconf 87' lang='lat' dir='ltr'>Motus</span> <span class='ocrx_word' id='word_1_552' title='bbox 1442 2467 1610 2496; x_wconf 86' lang='lat' dir='ltr'>ventorum</span> <span class='ocrx_word' id='word_1_553' title='bbox 1644 2459 1682 2494; x_wconf 88' lang='lat'>&amp;</span> <span class='ocrx_word' id='word_1_554' title='bbox 1713 2470 1881 2506; x_wconf 87' lang='lat' dir='ltr'>aquarum</span> 
     </span>
     <span class='ocr_line' id='line_1_108' title="bbox 1095 2508 1882 2558; baseline 0 -14"><span class='ocrx_word' id='word_1_555' title='bbox 1095 2508 1181 2545; x_wconf 89' lang='lat' dir='ltr'>inter</span> <span class='ocrx_word' id='word_1_556' title='bbox 1209 2509 1242 2544; x_wconf 92' lang='lat' dir='ltr'>se</span> <span class='ocrx_word' id='word_1_557' title='bbox 1270 2519 1526 2558; x_wconf 87' lang='lat' dir='ltr'>comparantur,</span> <span class='ocrx_word' id='word_1_558' title='bbox 1553 2509 1612 2552; x_wconf 88' lang='lat'>64.</span> <span class='ocrx_word' id='word_1_559' title='bbox 1665 2509 1775 2545; x_wconf 81' lang='lat' dir='ltr'>Terra</span> <span class='ocrx_word' id='word_1_560' title='bbox 1804 2520 1882 2544; x_wconf 85' lang='lat' dir='ltr'>ma·</span> 
     </span>
     <span class='ocr_line' id='line_1_109' title="bbox 1093 2557 1880 2642; baseline 0 -49"><span class='ocrx_word' id='word_1_561' title='bbox 1093 2559 1151 2642; x_wconf 42' lang='lat' dir='ltr'>pis</span> <span class='ocrx_word' id='word_1_562' title='bbox 1183 2558 1370 2596; x_wconf 84' lang='lat' dir='ltr'>desiccatur</span> <span class='ocrx_word' id='word_1_563' title='bbox 1398 2571 1442 2599; x_wconf 88' lang='lat' dir='ltr'>ex</span> <span class='ocrx_word' id='word_1_564' title='bbox 1472 2560 1579 2595; x_wconf 86' lang='lat' dir='ltr'>ventis</span> <span class='ocrx_word' id='word_1_565' title='bbox 1611 2557 1742 2595; x_wconf 86' lang='lat' dir='ltr'>martiis</span> <span class='ocrx_word' id='word_1_566' title='bbox 1773 2569 1880 2606; x_wconf 89' lang='lat' dir='ltr'>quam</span> 
     </span>
     <span class='ocr_line' id='line_1_110' title="bbox 1108 2608 1880 2655; baseline -0.001 -12"><span class='ocrx_word' id='word_1_567' title='bbox 1108 2608 1174 2650; x_wconf 89' lang='lat' dir='ltr'>ole,</span> <span class='ocrx_word' id='word_1_568' title='bbox 1807 2618 1880 2655; x_wconf 83' lang='lat'>117</span> 
     </span>
    </p>
   </div>
   <div class='ocr_carea' id='block_1_5' title="bbox 1046 2657 1879 2752">
    <p class='ocr_par' dir='ltr' id='par_1_6' title="bbox 1046 2657 1879 2752">
     <span class='ocr_line' id='line_1_111' title="bbox 1047 2657 1878 2703; baseline 0 -11"><span class='ocrx_word' id='word_1_569' title='bbox 1047 2657 1211 2703; x_wconf 87' lang='lat' dir='ltr'>Ventosae,</span> <span class='ocrx_word' id='word_1_570' title='bbox 1804 2659 1878 2693; x_wconf 84' lang='lat'>228</span> 
     </span>
     <span class='ocr_line' id='line_1_112' title="bbox 1046 2706 1879 2752; baseline 0.001 -11"><span class='ocrx_word' id='word_1_571' title='bbox 1046 2707 1222 2752; x_wconf 83' lang='lat' dir='ltr'>Ventosttas</span> <span class='ocrx_word' id='word_1_572' title='bbox 1238 2707 1272 2743; x_wconf 85' lang='lat' dir='ltr'>in</span> <span class='ocrx_word' id='word_1_573' title='bbox 1290 2706 1396 2752; x_wconf 89' lang='lat' dir='ltr'>nitro,</span> <span class='ocrx_word' id='word_1_574' title='bbox 1811 2708 1879 2751; x_wconf 84' lang='lat'>148</span> 
     </span>
    </p>
   </div>
   <div class='ocr_carea' id='block_1_6' title="bbox 1046 2756 1881 3104">
    <p class='ocr_par' dir='ltr' id='par_1_7' title="bbox 1046 2756 1881 3104">
     <span class='ocr_line' id='line_1_113' title="bbox 1047 2756 1881 2804; baseline 0.001 -13"><span class='ocrx_word' id='word_1_575' title='bbox 1047 2757 1230 2792; x_wconf 83' lang='lat' dir='ltr'>Ventriculi</span> <span class='ocrx_word' id='word_1_576' title='bbox 1261 2769 1299 2793; x_wconf 91' lang='lat' dir='ltr'>os</span> <span class='ocrx_word' id='word_1_577' title='bbox 1332 2757 1540 2802; x_wconf 86' lang='lat' dir='ltr'>claudentia,</span> <span class='ocrx_word' id='word_1_578' title='bbox 1579 2764 1660 2804; x_wconf 67' lang='lat'>1512</span> <span class='ocrx_word' id='word_1_579' title='bbox 1707 2757 1776 2794; x_wconf 84' lang='lat' dir='ltr'>Ori</span> <span class='ocrx_word' id='word_1_580' title='bbox 1810 2756 1881 2804; x_wconf 68' lang='lat' dir='ltr'>ejus</span> 
     </span>
     <span class='ocr_line' id='line_1_114' title="bbox 1095 2806 1878 2852; baseline 0 -11"><span class='ocrx_word' id='word_1_581' title='bbox 1095 2818 1176 2842; x_wconf 90' lang='lat' dir='ltr'>cura</span> <span class='ocrx_word' id='word_1_582' title='bbox 1191 2806 1399 2851; x_wconf 88' lang='lat' dir='ltr'>adhibenda,</span> <span class='ocrx_word' id='word_1_583' title='bbox 1807 2817 1878 2852; x_wconf 84' lang='lat'>154</span> 
     </span>
     <span class='ocr_line' id='line_1_115' title="bbox 1046 2855 1879 2905; baseline -0.001 -14"><span class='ocrx_word' id='word_1_584' title='bbox 1046 2856 1167 2891; x_wconf 88' lang='lat' dir='ltr'>Ventus</span> <span class='ocrx_word' id='word_1_585' title='bbox 1184 2857 1298 2892; x_wconf 87' lang='lat' dir='ltr'>omnis</span> <span class='ocrx_word' id='word_1_586' title='bbox 1314 2867 1372 2892; x_wconf 86' lang='lat' dir='ltr'>aut</span> <span class='ocrx_word' id='word_1_587' title='bbox 1389 2868 1451 2904; x_wconf 88' lang='lat' dir='ltr'>per</span> <span class='ocrx_word' id='word_1_588' title='bbox 1476 2855 1716 2904; x_wconf 72' lang='lat' dir='ltr'>impulsionem</span> <span class='ocrx_word' id='word_1_589' title='bbox 1745 2855 1879 2905; x_wconf 85' lang='lat' dir='ltr'>fimpli-</span> 
     </span>
     <span class='ocr_line' id='line_1_116' title="bbox 1095 2905 1879 2954; baseline 0 -12"><span class='ocrx_word' id='word_1_590' title='bbox 1095 2917 1171 2942; x_wconf 90' lang='lat' dir='ltr'>cem</span> <span class='ocrx_word' id='word_1_591' title='bbox 1189 2916 1247 2942; x_wconf 88' lang='lat' dir='ltr'>aut</span> <span class='ocrx_word' id='word_1_592' title='bbox 1263 2918 1326 2954; x_wconf 85' lang='lat' dir='ltr'>per</span> <span class='ocrx_word' id='word_1_593' title='bbox 1347 2905 1592 2943; x_wconf 87' lang='lat' dir='ltr'>immistionem</span> <span class='ocrx_word' id='word_1_594' title='bbox 1620 2915 1790 2954; x_wconf 84' lang='lat' dir='ltr'>vaporum,</span> <span class='ocrx_word' id='word_1_595' title='bbox 1818 2905 1879 2949; x_wconf 83' lang='lat'>64.</span> 
     </span>
     <span class='ocr_line' id='line_1_117' title="bbox 1093 2955 1876 3003; baseline 0 -13"><span class='ocrx_word' id='word_1_596' title='bbox 1093 2955 1151 2991; x_wconf 90' lang='lat' dir='ltr'>Ex</span> <span class='ocrx_word' id='word_1_597' title='bbox 1183 2955 1360 3002; x_wconf 82' lang='lat' dir='ltr'>vaporibus</span> <span class='ocrx_word' id='word_1_598' title='bbox 1384 2955 1530 3003; x_wconf 18' lang='lat' dir='ltr'>*marinis</span> <span class='ocrx_word' id='word_1_599' title='bbox 1557 2956 1638 2999; x_wconf 88' lang='lat' dir='ltr'>orti,</span> <span class='ocrx_word' id='word_1_600' title='bbox 1663 2955 1798 2992; x_wconf 86' lang='lat' dir='ltr'>facilius</span> <span class='ocrx_word' id='word_1_601' title='bbox 1817 2955 1876 2990; x_wconf 82' lang='lat' dir='ltr'>ab·</span> 
     </span>
     <span class='ocr_line' id='line_1_118' title="bbox 1093 3004 1879 3056; baseline -0.004 -14"><span class='ocrx_word' id='word_1_602' title='bbox 1093 3014 1175 3043; x_wconf 85' lang='lat' dir='ltr'>eunt</span> <span class='ocrx_word' id='word_1_603' title='bbox 1201 3005 1236 3042; x_wconf 88' lang='lat' dir='ltr'>in</span> <span class='ocrx_word' id='word_1_604' title='bbox 1257 3004 1416 3056; x_wconf 85' lang='lat' dir='ltr'>pluviam</span> <span class='ocrx_word' id='word_1_605' title='bbox 1432 3013 1537 3049; x_wconf 86' lang='lat' dir='ltr'>retro,</span> <span class='ocrx_word' id='word_1_606' title='bbox 1560 3005 1622 3052; x_wconf 81' lang='lat'>46.</span> <span class='ocrx_word' id='word_1_607' title='bbox 1671 3005 1810 3056; x_wconf 85' lang='lat' dir='ltr'>Spirant</span> <span class='ocrx_word' id='word_1_608' title='bbox 1833 3014 1879 3040; x_wconf 85' lang='lat' dir='ltr'>ex</span> 
     </span>
     <span class='ocr_line' id='line_1_119' title="bbox 1775 3062 1875 3104; baseline 0.01 -14"><span class='ocrx_word' id='word_1_609' title='bbox 1775 3062 1875 3104; x_wconf 80' lang='lat' dir='ltr'>parte</span> 
     </span>
    </p>
   </div>
  </div>
 </body>
</html>
