1973 3570
66 167 165 224 264

306 159 406 206 DE
450 150 1294 202 INTERPRETATIONE
1345 149 1751 196 NATURAE.

233 260 317 295 rim.
374 257 507 293 Manet
523 255 625 291 enim
642 251 819 302 paulisper
836 251 966 301 aliquis
982 261 1116 286 eorum
1138 248 1233 295 usus,
1254 248 1378 285 tenuis
1406 247 1559 296 quidem
1582 250 1617 285 ἃ
1643 249 1825 296 angustus,

235 316 270 350 ὃ(
287 315 401 361 longe
417 312 508 347 alius
523 320 635 358 quam
658 310 697 344 in
714 318 825 355 quem
842 306 1036 342 destinatae
1050 314 1166 350 erant,
1188 317 1230 340 ac
1252 315 1353 340 nunc
1368 302 1600 353 usurpantur,
1621 302 1679 339 sed
1701 314 1829 340 tamen

238 365 377 418 aliquis
434 365 546 402 Adde
566 366 601 400 ὅ(
617 364 703 399 alias
719 362 854 397 multas
874 361 1015 396 chartas
1041 360 1115 395 illis
1141 359 1355 395 celebritate
1376 357 1609 394 obscuriores
1635 357 1698 395 usu
1727 371 1827 411 prae-

237 423 429 459 stantiores
445 420 523 457 effe.
579 414 805 467 Arzstotelz‘s
835 418 870 451 ὃ(
897 412 1086 452 ‘Platonis
1117 414 1275 450 moralia
1304 413 1475 463 plerique
1503 414 1711 449 mirantur:
1757 413 1828 449 Sed

239 474 403 515 Tacitus
421 473 537 524 magis
551 472 648 511 vivas
663 483 818 508 morum
833 469 1110 507 observationes
1131 467 1251 520 spirat.
1288 469 1435 505 Verum
1450 478 1543 517 quae
1558 468 1711 504 tandem
1736 467 1829 504 utili·
1840 512 1844 519 ,Ἰ

237 542 290 570 tas
307 545 348 569 ex
365 529 495 568 chartis
510 529 589 577 capi
609 523 734 579 possit,
759 537 927 574 quaeque
942 526 1032 560 aliae
1049 525 1127 560 aliis
1143 522 1303 560 utilitate
1316 522 1551 567 antecedant,
1575 534 1742 572 quaeque
1763 521 1829 559 mi-

238 589 342 624 nima
357 597 438 636 pars
453 583 523 621 sint
536 584 748 619 chartarum
765 592 920 616 munera
936 591 1081 625 eorum,
1114 590 1207 626 quae
1236 578 1280 614 ad
1309 576 1658 625 interpretationem
1679 588 1832 615 naturae

241 641 456 686 conferunt,
474 638 539 676 suo
554 639 642 674 loeo
657 636 810 673 dicetur.
866 633 1073 679 Postremo,
1088 633 1152 680 fili,
1170 635 1219 669 ita
1233 644 1270 669 te
1287 641 1528 680 quaerentem
1545 630 1667 668 audio.
1724 634 1834 670 Num

239 707 333 733 tute
352 696 390 732 in
406 693 559 731 istorum
575 692 752 729 omnium
772 691 901 726 locum
920 685 1071 725 sufficis?
1103 688 1367 736 Respondebo,
1389 696 1499 733 atque
1518 687 1554 723 id
1571 699 1650 723 non
1667 683 1832 724 dissimu-

240 753 372 796 lanter,
393 753 427 786 ἃ
444 762 485 784 ex
504 747 643 783 intimo
658 744 763 782 sensu
785 756 882 780 mco.
940 745 1034 792 Ego,
1050 742 1101 788 fiii
1129 739 1351 787 ‘iiiavissime,
1367 739 1433 777 tibi
1452 740 1629 787 lane‘tum,
1646 740 1832 778 eastum&

239 804 449 849 legitimum
466 802 701 838 connubium
719 810 805 835 cum
822 798 929 834 rebus
945 797 1022 846 ipsis
1037 797 1207 833 firmabo.
1264 798 1316 833 Ex
1331 808 1403 846 qua
1418 795 1687 833 consuetudine
1713 796 1724 843 (
1730 795 1833 846 supra

240 847 371 897 omnia
386 856 710 907 epithalamiorum
726 852 831 899 vota)
855 849 1103 888 beatiflimam
1123 853 1273 900 prolem
1287 863 1371 888 vere
1387 850 1548 887 heroum
1571 851 1652 900 (qui
1673 851 1834 888 infinitas

241 915 421 952 humanas
437 906 678 955 necessitates,
694 906 871 944 omnibus
893 906 1114 955 gigantibus,
1136 906 1309 943 monstris
1339 907 1375 941 ὃ(
1399 907 1568 953 tyrannis
1596 904 1834 953 exitiosiores,

241 966 419 1006 lubaCturi
438 966 535 1011 sunt,
559 966 594 1001 δε
611 964 717 1000 rebus
732 961 853 1000 vestris
867 960 1060 1010 placidam,
1077 964 1113 997 δε
1129 961 1255 998 festam
1271 959 1515 1006 securitatem,
1532 963 1567 996 ὃς
1583 960 1730 1012 copiam
1745 973 1835 997 con-

240 1019 419 1071 ciliaturi)
438 1020 618 1071 suscipies.
674 1019 757 1067 Ego
770 1029 872 1064 vcro,
891 1016 955 1063 fili,
972 1014 996 1052 fi
1016 1026 1052 1053 te
1073 1017 1147 1062 jam
1172 1017 1246 1061 jam
1261 1016 1393 1051 animo
1411 1015 1456 1051 ab
1475 1015 1586 1051 idolis
1610 1028 1691 1053 non
1713 1028 1836 1065 repur-

240 1088 341 1128 gato,
356 1072 586 1125 vertiginosis
601 1072 844 1123 experientiae
867 1070 1082 1121 ambagibus
1110 1072 1408 1116 committerem,
1437 1081 1506 1106 nae
1535 1080 1576 1107 tu
1599 1071 1735 1108 ducem
1759 1071 1837 1108 cito

241 1131 470 1170 desiderares.
527 1130 631 1166 Idola
651 1138 776 1165 autem
801 1139 933 1164 exuere
953 1125 1109 1178 simplici
1122 1136 1329 1178 ‘praecepto
1347 1136 1437 1161 mco
1465 1122 1541 1162 fine
1559 1138 1685 1162 rerum
1704 1124 1839 1162 notitia

242 1200 292 1225 ne
306 1185 332 1224 si
347 1187 459 1225 velles
479 1184 639 1221 maxime
654 1183 784 1232 posses.
837 1184 879 1218 In
896 1180 1028 1218 tabulis
1048 1180 1114 1218 nisi
1129 1182 1253 1230 priora
1269 1178 1457 1226 deleveris,
1471 1192 1551 1216 non
1567 1181 1635 1217 alia
1651 1180 1839 1230 inscripse-

242 1244 303 1279 ris.
360 1243 402 1278 In
418 1250 546 1277 mente
567 1249 722 1276 contra:
767 1235 848 1276 Nisi
869 1238 938 1273 alia
967 1235 1190 1285 inscripseris
1213 1248 1293 1273 non
1314 1233 1438 1287 priora
1461 1234 1650 1272 deleveris.
1706 1236 1838 1283 Atque

243 1307 286 1338 ut
306 1296 378 1334 hoc
393 1294 471 1333 fieri
488 1294 618 1344 postet,
637 1303 677 1331 ut
693 1293 794 1329 idola
808 1290 958 1341 hospitii
975 1303 1138 1337 exueres,
1153 1301 1280 1328 tamen
1294 1290 1504 1340 perieulum
1529 1294 1693 1327 omnino
1709 1290 1767 1335 est,
1799 1301 1839 1327 ut

244 1353 290 1389 ab
306 1352 415 1388 idolis
438 1352 517 1387 viae
532 1361 613 1386 non
628 1347 790 1385 initiatus
811 1348 979 1384 obruare.
1038 1348 1165 1384 Nimis
1189 1346 1275 1382 duci
1303 1342 1486 1381 afl'uevisti.
1544 1346 1668 1381 Etiam
1693 1344 1841 1382 Romae

244 1407 388 1443 firmata
425 1405 539 1442 semel
563 1404 763 1452 tyrannide
792 1403 933 1450 semper
954 1401 1077 1452 postea
1104 1400 1376 1437 sacramentum
1400 1401 1440 1435 in
1461 1399 1604 1436 senatus
1634 1402 1841 1451 populique

245 1460 414 1499 Romani
450 1471 595 1497 nomen
624 1459 774 1494 irritum
803 1455 883 1493 fuit.
944 1455 1120 1503 Confide,
1154 1454 1217 1503 fili,
1257 1457 1293 1492 ὃς
1335 1455 1380 1491 da
1415 1463 1453 1490 te
1491 1453 1595 1502 mihi,
1635 1467 1675 1492 ut
1702 1464 1738 1491 te
1772 1456 1841 1492 tibi

244 1516 410 1554 reddam.

441 1682 537 1737 De
560 1677 998 1760 interpretatione
1029 1690 1263 1733 naturae
1294 1676 1632 1756 prooemium.

358 1857 390 1893 G
403 1858 439 1894 Ο
464 1869 552 1893 eum
568 1868 628 1893 me
645 1856 689 1892 ad
705 1857 882 1893 utilitates
897 1856 1076 1893 humanas
1095 1865 1226 1893 natum
1250 1853 1503 1900 existimarem,
1531 1856 1567 1891 ὅ(
1594 1865 1723 1890 curam
1752 1851 1840 1905 reip.

379 1910 476 1948 inter
493 1924 534 1948 ea
550 1911 630 1957 effe,
656 1923 748 1959 quae
765 1909 904 1960 publici
918 1911 1001 1947 sunt
1024 1909 1124 1957 juris,
1142 1913 1177 1947 &
1193 1910 1293 1947 velut
1310 1910 1452 1946 undam
1480 1919 1541 1946 aut
1568 1919 1693 1945 auram
1721 1907 1843 1947 omni-

246 1969 312 2004 bus
327 1977 449 2017 patere
466 1968 740 2015 interpretarer,
757 1969 792 2003 δε
808 1966 897 2013 quid
919 1964 1133 2003 hominibus
1149 1963 1308 2001 maxime
1321 1965 1532 2001 conducere
1547 1963 1662 2013 posset
1674 1961 1845 2013 quaesivi,

248 2025 283 2059 ὃς
304 2024 349 2058 ad
365 2022 454 2069 quid
472 2020 544 2072 ipse
572 2034 591 2057 a
611 2031 740 2057 natura
757 2023 900 2070 optime
920 2021 1033 2058 faetus
1056 2020 1179 2066 essem,
1205 2019 1416 2057 deliberavi.
1473 2020 1605 2056 Inveni
1632 2028 1758 2058 autem
1786 2019 1842 2055 nil

248 2078 343 2114 tanti
365 2076 434 2113 effe
453 2088 538 2124 erga
567 2088 684 2125 genus
713 2075 923 2113 humanum
953 2074 1091 2122 meriti,
1128 2087 1242 2123 quam
1271 2086 1456 2112 novarum
1477 2086 1605 2110 rerum
1627 2074 1664 2109 ὅ(
1691 2074 1843 2119 artium,

247 2131 378 2182 quibus
399 2131 602 2168 hominum
619 2132 693 2167 vita
709 2132 909 2176 excolatur,
933 2129 1195 2167 inventionem
1225 2132 1261 2166 &
1275 2130 1620 2167 autlioramentum.
1678 2129 1781 2165 Nam
1805 2129 1843 2163 ὅ(

248 2186 373 2235 priscis
390 2185 625 2235 temporibus
648 2186 743 2234 apud
760 2184 932 2222 homines
952 2186 1070 2232 rudes,
1097 2184 1247 2222 rudium
1276 2196 1401 2221 rerum
1423 2186 1637 2222 inventores
1664 2185 1701 2219 ὅ(
1734 2179 1844 2226 mon·-

249 2242 431 2287 stratores,
450 2239 686 2277 consecratos
706 2240 823 2286 fuiss'e,
850 2243 885 2277 δε
914 2242 953 2276 in
970 2241 1131 2277 deorum
1156 2252 1360 2276 numerum
1387 2248 1545 2288 optatos,
1575 2235 1845 2283 animadverti3

250 2300 287 2333 ὃ(
303 2297 379 2333 36ἴῆ
399 2296 573 2341 heroum,
597 2294 661 2342 qui
676 2296 733 2332 vel
754 2296 860 2337 urbes
879 2295 1139 2342 condiderunt,
1155 2296 1214 2332 vel
1242 2295 1506 2343 legumlatores
1529 2291 1755 2339 exstiterunt,
1785 2293 1844 2329 vel
1886 2301 1890 2303 “

249 2351 338 2397 justa
365 2350 516 2402 imperia
551 2361 806 2397 exercuerunt,
849 2352 908 2387 vel
949 2349 1094 2393 injustas
1130 2349 1410 2386 dominationes
1443 2348 1688 2394 debellarunt,
1733 2348 1844 2384 locoq

251 2418 334 2442 rum
357 2408 391 2441 δε
408 2412 627 2456 temporum
643 2404 811 2455 angustiis
827 2403 1101 2454 circumscripta
1117 2404 1186 2441 ess'e
1204 2403 1330 2441 notavi
1347 2417 1355 2440 ε
1398 2405 1542 2440 Rerum
1565 2412 1690 2439 autem
1715 2402 1844 2439 inven-

251 2459 408 2507 tionem,
430 2461 516 2497 licet
531 2458 690 2496 minoris
715 2472 876 2511 pompae
905 2458 946 2496 sit
971 2472 1039 2506 res,
1062 2460 1108 2495 ad
1129 2458 1406 2496 universalitatis
1436 2459 1471 2493 δε
1488 2454 1713 2494 aeternitatis
1735 2454 1844 2493 ratio-

252 2526 343 2551 nem
379 2513 495 2564 magis
532 2515 859 2552 accommodatam
892 2515 961 2552 effe
988 2513 1124 2551 censui.
1179 2514 1285 2550 Ante
1319 2514 1450 2549 omnia
1476 2524 1568 2549 vcro
1605 2509 1629 2547 fi
1660 2512 1741 2561 quis
1763 2522 1844 2548 non

254 2567 470 2620 particulare
496 2562 648 2618 aliquod
685 2572 897 2616 inventum,
926 2571 1012 2611 licet
1036 2580 1192 2618 magnae
1216 2566 1395 2614 utilitatis,
1419 2577 1533 2613 eruat,
1558 2566 1617 2603 sed
1650 2564 1688 2602 in
1713 2575 1844 2603 natura

252 2626 384 2661 lumen
398 2624 585 2670 accendat,
607 2625 711 2672 quod
727 2635 813 2662 ortu
839 2625 919 2676 ipso
942 2636 1023 2662 oras
1045 2635 1184 2670 rerum,
1200 2634 1301 2671 quae
1325 2634 1380 2660 res
1411 2623 1486 2668 jam
1507 2621 1674 2659 inventas
1698 2619 1844 2657 contin-

253 2688 360 2727 gunt,
378 2677 541 2723 illustret,
566 2678 653 2716 dein
673 2680 786 2729 paulo
801 2680 878 2731 post
893 2681 1081 2717 elevatum
1103 2673 1359 2715 abstrusissima
1391 2689 1561 2726 quaeque
1589 2674 1782 2725 patefaciat
1807 2676 1846 2711 ὅτ.

257 2733 293 2769 in
310 2731 551 2783 conspectum
572 2733 646 2779 det,
671 2734 698 2770 is
713 2733 807 2771 mihi
822 2734 979 2771 humani
1001 2735 1042 2771 in
1061 2732 1276 2770 universum
1301 2734 1450 2783 imperii
1475 2740 1709 2782 propagator,
1734 2730 1845 2766 liber-

256 2786 340 2824 tatis
354 2785 500 2832 vindex,
522 2785 780 2826 neeellitatum
797 2799 1041 2840 expugnator,
1063 2785 1156 2826 visus
1177 2788 1236 2824 est.
1295 2788 1361 2824 Mc
1377 2786 1498 2838 ipsum
1518 2794 1643 2822 autem
1660 2785 1703 2820 ad
1720 2782 1846 2820 verita-

257 2842 302 2878 tis
325 2842 676 2890 contemplationes,
711 2856 823 2893 quam
852 2845 895 2880 ad
926 2845 996 2880 alia
1026 2844 1145 2893 magis
1175 2842 1416 2880 fabrefactum
1445 2837 1683 2891 deprehendi,
1712 2849 1752 2876 ut
1780 2840 1846 2889 qui

258 2907 424 2934 mentem
448 2898 485 2933 ὅ(
503 2895 547 2932 ad
564 2908 688 2933 rernm
709 2896 991 2935 similitudinem
1013 2897 1134 2946 (quod
1154 2895 1360 2934 niaximum
1376 2893 1440 2944 est)
1469 2893 1762 2943 agnoscendum,
1796 2892 1846 2930 la-

257 2951 302 2988 tis
318 2949 572 3001 mobilem,2&
588 2950 632 2986 ad
648 2950 942 2990 differentiarum
958 2952 1175 2990 subtilitates
1190 2951 1434 2989 observandas
1450 2947 1652 2985 satisfixam
1675 2950 1711 2985 δε
1726 2946 1847 2985 inten-

257 3016 335 3042 tam
351 3005 540 3052 haberem,
563 3003 627 3053 qui
643 3007 678 3041 ὅ(
701 3008 902 3055 quaerendi
925 3005 1160 3054 desiderium,
1185 3009 1222 3043 ὅ(
1242 3004 1435 3044 dubitandi
1458 3002 1686 3052 patientiam,
1712 3005 1750 3040 ὅτ.
1769 3014 1846 3039 me—

257 3059 398 3099 ditandi
432 3062 675 3110 voluptatem,
710 3063 745 3098 &
774 3061 950 3099 afferendi
975 3063 1268 3109 cunctationem,
1294 3057 1594 3109 &resipiscendi
1616 3056 1846 3102 facilitatem,

1809 3113 1848 3148 F<
