1973 3570
152 265 246 302 222

611 230 1114 317 INQUISITIO
1166 232 1268 293 'DE
1319 244 1572 295 Moru.

288 346 503 402 perspiciet:
532 364 614 390 non
634 364 747 404 opera
770 364 811 388 ex
836 351 1022 403 operibus,
1053 349 1204 396 (scilicet
1224 359 1265 385 ut
1281 348 1451 399 empirici
1476 346 1609 395 solent)
1628 348 1687 385 sed
1703 361 1745 386 cx
1761 348 1879 402 operi}

290 409 357 445 bus
380 407 513 454 causas,
542 420 584 444 ex
611 404 721 444 causis
742 406 864 443 rursus
889 417 1001 456 opera
1023 414 1127 449 nota,
1165 413 1205 440 ut
1226 403 1385 452 legitimi
1407 412 1558 438 naturae
1582 404 1812 452 interpretes,
1850 418 1885 443 e-

291 462 472 501 ducendi:
509 474 620 511 atque
647 471 844 514 propterea
865 460 1028 497 evitandi
1054 468 1327 509 praematuram
1348 459 1384 493 &
1405 456 1558 493 effusam
1585 469 1603 494 a
1627 460 1814 511 principio
1840 456 1886 498 ad

291 529 406 567 opera
425 517 688 563 deflexionem,
724 527 837 564 atque
860 514 967 560 hujus
991 516 1043 551 rei
1069 515 1283 563 legitimum
1308 513 1345 549 ὃς
1368 510 1624 562 praestitutum
1651 523 1798 563 tempus
1822 516 1886 552 ob-

292 571 459 610 servandi
485 574 521 609 &
551 571 776 621 expetiiandi.
834 568 1027 607 Postremo
1052 571 1089 606 &
1119 568 1212 605 illud
1236 567 1408 605 videmur
1434 565 1602 613 effeciffe,
1640 578 1680 604 ut
1711 569 1884 606 homines

291 639 373 664 non
397 625 521 664 solum
535 627 582 664 de
604 626 640 663 vi
661 628 697 663 ὅ(
721 624 890 662 instituto
904 624 1012 669 hujus
1034 622 1305 661 instaurationis
1323 621 1476 667 nostrae,
1507 620 1565 658 scd
1588 623 1701 660 ctiam
1716 623 1761 660 de
1783 627 1888 662 mose

292 680 330 719 ὃς
352 679 559 731 quantitate
579 682 655 726 ejus
681 692 783 718 veras
806 677 1003 728 opiniones
1027 678 1198 723 habeant,
1237 689 1284 714 ne
1308 677 1407 713 forte
1435 675 1543 713 alicui
1567 677 1606 713 in
1635 689 1804 715 mentem
1827 691 1887 716 ve-

292 738 375 774 nire
397 733 522 786 possit,
551 737 625 772 hoc
647 735 751 783 quod
768 734 949 770 molimur
973 733 1110 770 vastum
1135 732 1314 780 quiddam
1341 731 1421 777 css'e,
1451 733 1486 767 &
1508 729 1611 781 supra
1635 732 1815 770 humanas
1837 736 1887 771 vi-

292 803 373 832 res;
401 803 489 828 cum
504 800 636 827 contra
655 790 876 838 plerumque
891 788 966 833 fiat,
994 798 1034 824 ut
1050 788 1153 835 quod
1170 787 1285 835 magis
1301 787 1392 822 utile
1407 786 1525 834 magis
1540 785 1690 823 finitum
1707 786 1767 824 sit:
1799 788 1887 827 haec

291 852 382 882 vero
401 841 448 882 de
467 854 598 881 natura
620 840 823 891 inquisitio,
852 843 910 878 vel
934 839 1083 891 singulis
1099 853 1179 878 non
1199 834 1241 877 sit
1261 841 1396 891 pervia,
1427 841 1635 886 conjunffis
1654 854 1743 879 vero
1766 846 1889 895 operis

292 900 407 938 etiam
429 899 609 948 expedita.
664 897 780 948 Qiod
804 906 844 934 ut
866 904 988 948 pateat
1013 897 1143 944 magis,
1178 895 1357 944 digestum
1380 895 1588 932 tabularum
1613 896 1747 934 addere
1770 898 1889 935 visum

291 953 352 992 est.
407 955 553 991 Primae
565 953 710 990 tabulae
726 951 809 989 sunt
824 951 871 987 de
886 962 1007 997 motu,
1037 950 1215 987 secundae
1232 950 1277 986 de
1292 950 1415 986 calore
1431 951 1467 985 ὃ(
1482 948 1642 998 frigor-c3
1671 953 1813 998 tertiae,
1842 955 1890 991 dc

292 1009 404 1045 radiis
419 1020 544 1046 rerum
561 1002 920 1058 &impressionibus
942 1006 988 1042 ad
1011 1005 1167 1045 distans;
1204 1014 1368 1054 quartae,
1404 1004 1451 1040 de
1465 1007 1701 1053 vegetatione
1725 1009 1761 1043 ὅ(
1785 1009 1890 1050 viris;

292 1065 458 1111 quintae,
482 1063 528 1101 de
542 1058 771 1114 passionibus
786 1062 955 1110 corporis
970 1060 1159 1101 animalis3
1192 1059 1321 1105 sextae,
1346 1058 1393 1095 dc
1409 1057 1512 1096 sensu
1528 1061 1564 1096 ὃ(
1579 1060 1753 1105 οὶῄεᾶίεῑ
1782 1062 1888 1113 septi-

292 1129 390 1165 mae,
408 1118 456 1155 de
470 1116 662 1155 affectibus
678 1117 816 1157 animi;
845 1116 1005 1162 omme,
1026 1115 1072 1152 de
1088 1124 1216 1152 mente
1231 1116 1268 1151 ὅ(
1282 1114 1359 1159 ejus
1374 1112 1619 1151 facultatibus.
1675 1115 1804 1164 Atque
1819 1118 1889 1155 hac

292 1173 438 1210 tabulae
465 1173 510 1210 ad
534 1183 687 1209 naturae
713 1170 982 1220 separationem
1006 1171 1211 1219 pertinent,
1249 1171 1286 1206 ὃς
1310 1168 1393 1205 sunt
1418 1180 1460 1204 ex
1483 1178 1585 1217 parte
1609 1169 1766 1208 formae.
1824 1173 1888 1210 Ad

291 1225 610 1265 constr-unionem
629 1236 754 1264 autem
776 1236 927 1263 naturae
946 1223 1146 1274 pertinent,
1176 1226 1212 1261 ὅ(
1235 1236 1277 1260 ex
1301 1232 1405 1275 parte
1426 1225 1600 1260 materiae
1624 1222 1708 1261 sunt
1731 1225 1888 1275 tabulae,

291 1294 386 1332 quae
408 1281 632 1331 sequuntur:
662 1293 798 1327 nonae,
826 1280 871 1317 de
895 1280 1137 1317 architectura
1153 1276 1305 1316 mundi:
1334 1277 1513 1324 decimae,
1541 1278 1589 1315 de
1610 1279 1767 1326 relativis
1792 1294 1891 1331 mag-

291 1339 364 1384 nis,
391 1334 463 1375 five
483 1334 733 1374 accidentibus
757 1333 948 1372 essentiae:
977 1334 1209 1380 undecimae,
1241 1333 1288 1369 de
1308 1343 1512 1380 corporum
1537 1331 1790 1381 consistentiiS,
1819 1334 1890 1375 siva

290 1389 552 1440 inaequalitate
574 1391 760 1443 partium:
796 1390 1054 1434 duodecimae,
1082 1389 1129 1425 de
1153 1387 1341 1437 speciebus
1366 1384 1436 1423 sive
1459 1399 1583 1424 rerum
1605 1387 1752 1426 fabricis
1777 1393 1813 1428 δε
1836 1391 1891 1429 so-

291 1442 485 1484 cietatibus
501 1445 698 1483 ordinariis
715 1459 722 1481 :
751 1443 914 1481 decimae
929 1445 1071 1489 tertiae,
1100 1443 1146 1479 de
1163 1442 1323 1479 relativis
1344 1442 1473 1490 parvis,
1501 1439 1572 1479 sive
1586 1442 1892 1492 proprietatibus

291 1512 334 1539 ut
358 1499 525 1539 universa
550 1497 741 1548 inquisitio
762 1510 828 1547 per
847 1497 1029 1535 tredecim
1053 1497 1193 1534 tabulas
1222 1496 1442 1533 absolvatur.
1499 1496 1673 1534 Minores
1697 1510 1892 1538 autemta-

293 1554 396 1594 bulas
425 1555 527 1603 (quas
552 1553 700 1605 specilla
729 1553 968 1602 appellamus)
998 1564 1041 1589 ex
1065 1549 1258 1589 occasione
1285 1554 1322 1588 ὅ(
1350 1549 1416 1588 usu
1445 1552 1626 1601 praesenti
1655 1554 1888 1594 conficimus.

291 1611 431 1658 Neque
450 1608 553 1647 enim
577 1609 618 1646 in
632 1609 705 1646 illis
727 1606 809 1658 ipsis
833 1608 949 1645 ullam
968 1604 1036 1644 nisi
1058 1619 1123 1658 per
1143 1607 1294 1653 tabulas,
1323 1608 1360 1643 &
1383 1605 1430 1641 de
1453 1604 1590 1655 scripto
1609 1606 1890 1656 inquisitionem

291 1664 502 1714 recipimus.
558 1663 683 1703 Restat
710 1672 791 1712 pars
820 1663 933 1700 altera
961 1662 1066 1698 mole
1085 1660 1221 1709 minor,
1258 1662 1294 1699 vi
1321 1660 1473 1711 potior3
1509 1672 1550 1699 ut
1575 1663 1768 1712 postquam
1799 1677 1890 1704 con-

290 1719 533 1757 structionem
557 1716 749 1759 machinae
773 1717 979 1766 deeuimus,
1014 1717 1128 1755 etiam
1152 1716 1198 1755 de
1221 1715 1289 1756 usu
1313 1713 1506 1755 machinae
1535 1717 1659 1755 lucem
1680 1720 1716 1756 ὅ(
1737 1718 1888 1758 consilia

290 1775 545 1826 praebeamus
1877 1788 1880 1790 ·

606 1902 959 1984 Cogitationes
1014 1900 1080 1959 de
1134 1913 1344 1958 natura
1394 1921 1591 1959 rerum.

630 2039 879 2094 ‘Defiffione
893 2049 1097 2093 corporum,
1126 2039 1317 2089 continuo,
1346 2035 1394 2083 &¹
1408 2051 1544 2079 vacuo.

924 2124 1204 2162 COGITATIO
1237 2135 1271 2161 1.

413 2195 698 2235 OCTRINA
721 2194 951 2236 Democriti
965 2196 1012 2233 de
1038 2197 1174 2235 atomis
1193 2206 1255 2235 aut
1278 2208 1365 2234 vera
1380 2194 1439 2244 est,
1468 2204 1530 2234 aut
1545 2195 1589 2233 ad
1603 2194 1887 2237 demonstratio-

440 2263 529 2290 nem
557 2252 702 2289 utiliter
730 2251 936 2289 adhibetur.
994 2253 1090 2289 Non
1116 2250 1221 2289 facile
1251 2250 1353 2288 enim
1378 2250 1428 2288 est
1463 2262 1613 2288 naturae
1642 2251 1886 2291 subtilitatem

287 2311 505 2359 genuinam,
534 2308 570 2345 δε
593 2307 712 2355 qualis
727 2307 766 2344 in
788 2307 895 2343 rebus
915 2303 996 2357 ipsis
1016 2307 1219 2355 invenitur,
1246 2316 1308 2343 aut
1332 2305 1560 2355 cogitatione
1581 2308 1793 2356 compleiii,
1823 2319 1887 2347 aut

265 2358 410 2401 =verbis
429 2363 651 2412 exprimere,
689 2359 757 2398 nisi
777 2360 1005 2410 supponatur
1025 2371 1184 2398 atomus.
1248 2362 1445 2410 Accipitur
1469 2370 1595 2397 autem
1616 2361 1762 2399 duobus
1782 2362 1886 2401 senfi-

288 2418 356 2455 bus
376 2428 536 2462 atomus,
564 2427 646 2453 non
665 2417 831 2454 multum
851 2416 951 2453 inter
972 2415 1006 2452 se
1025 2413 1181 2452 diverfis.
1237 2416 1320 2453 Aut
1340 2416 1443 2452 enim
1463 2416 1640 2464 accipitur
1662 2428 1735 2467 pro
1754 2429 1887 2467 corpo-

286 2484 373 2509 rum
388 2472 561 2510 sectionis
575 2469 646 2509 sive
661 2470 852 2508 fractionis
867 2471 1034 2507 termino
1053 2471 1204 2516 ultimo,
1232 2467 1304 2507 five
1323 2471 1502 2519 portione
1517 2471 1699 2512 minima3
1727 2482 1790 2509 aut
1813 2484 1884 2521 pto

286 2538 448 2577 corpore
480 2526 584 2575 quod
615 2537 733 2562 vacuo
761 2535 870 2562 caret.
925 2524 1041 2577 Quod
1070 2524 1114 2561 ad
1149 2525 1315 2573 primum
1343 2525 1490 2571 attinet,
1533 2524 1623 2562 haec
1651 2525 1729 2562 duo
1756 2525 1884 2575 posita,

287 2590 374 2618 tuto
399 2583 436 2618 ὅ(
458 2591 564 2618 certo
588 2578 693 2618 statui
716 2580 893 2632 possunt:
926 2580 1105 2616 Alterum
1134 2580 1295 2616 inveniri
1323 2580 1364 2616 in
1389 2580 1496 2616 rebus
1519 2579 1819 2629 dispertitionem
1846 2584 1887 2620 ὅ(

286 2636 647 2682 comminutionem,
676 2635 791 2684 longe
806 2646 859 2681 ea,
879 2646 973 2683 quac
988 2633 1054 2671 sub
1068 2633 1252 2683 aspeetum
1266 2634 1378 2681 cadit,
1409 2633 1664 2671 subtiliorem:
1692 2634 1886 2683 Alterum,

288 2701 372 2728 eam
393 2700 521 2727 tamen
545 2689 734 2727 infinitam
759 2701 840 2726 non
856 2690 936 2736 esse,
967 2701 1037 2726 nec
1055 2698 1238 2739 perpetuo
1257 2687 1491 2727 divisibilem.
1549 2689 1587 2726 Si
1607 2690 1689 2736 quis
1705 2691 1807 2728 enim
1828 2692 1882 2728 di·—

288 2745 451 2794 ligenter
481 2743 658 2790 attendat,
698 2745 855 2794 reperiet
886 2755 1011 2781 rerum
1040 2744 1218 2780 minutias
1243 2744 1284 2780 in
1311 2742 1529 2795 corporibus
1556 2744 1785 2781 continuatis
1810 2757 1882 2794 eas,

286 2797 433 2848 quaein
449 2798 668 2848 corporibus
682 2798 804 2836 fractis
820 2801 856 2836 ὅ(
875 2797 1159 2836 discontinuatis
1173 2799 1430 2846 inveniuntur,
1458 2796 1656 2835 subtilitate
1669 2798 1785 2847 longe
1804 2801 1881 2839 vin-

286 2866 383 2892 cere.
437 2852 621 2892 Videmus
646 2855 748 2890 enim
773 2865 905 2906 parum
928 2851 1029 2891 croci
1055 2854 1096 2890 in
1119 2864 1212 2901 aqua
1232 2852 1396 2890 infusum
1416 2854 1454 2890 &
1476 2853 1667 2900 agitatum,
1704 2864 1791 2902 puta
1815 2855 1881 2892 do-

285 2908 382 2946 lium
406 2918 533 2957 aquae,
560 2907 610 2944 ita
637 2906 800 2954 inficere,
835 2918 876 2945 ut
900 2908 947 2945 ab
968 2909 1038 2945 alia
1065 2919 1158 2957 aqua
1183 2919 1286 2959 pura,
1321 2909 1434 2945 etiam
1453 2905 1530 2944 visu
1553 2905 1727 2956 distingui
1756 2907 1881 2959 possit.

285 2963 392 3015 Quae
412 2972 513 3002 certe
534 2958 745 3013 dispertitio
766 2964 867 3000 croci
886 2974 953 3012 per
977 2974 1124 3011 aquam,
1163 2961 1407 3000 subtilitatem
1434 2957 1702 3009 exquifitissirni
1723 2964 1883 3011 pulveris

283 3016 442 3067 superat.
497 3015 614 3069 Quod
639 3015 874 3053 manifestum
901 3016 977 3063 fiet,
1006 3015 1031 3054 si
1065 3018 1291 3055 tantundem
1314 3016 1475 3066 pulveris
1498 3015 1592 3064 ligni
1613 3013 1784 3066 Brast'lii,
1823 3021 1880 3057 vel

285 3070 562 3118 balaustiorum‚
590 3071 648 3108 vel
667 3070 821 3115 alicujus
841 3072 894 3107 rei
914 3072 1060 3122 optime
1079 3072 1269 3109 coloratae
1286 3071 1391 3119 (quae
1411 3080 1540 3106 tamen
1554 3072 1656 3119 croci
1677 3072 1879 3121 lentorem,

282 3125 330 3164 ad
350 3125 386 3166 se
413 3126 454 3165 in
472 3125 681 3176 liquoribus
701 3124 940 3175 aperiendum
969 3127 1005 3164 ὅ(
1027 3125 1355 3177 incorporandum,
1393 3135 1474 3163 non
1493 3123 1638 3173 habeat)
1654 3126 1878 3166 immisceas,

1755 3183 1881 3230 Itaque
