1973 3570
712 123 1227 179 INDEX.

125 241 283 282 Ῐῗτιιιηὲἳιό,
552 235 628 281 156,
662 235 738 274 166,
771 236 847 277 185,
881 232 944 283 187

122 294 263 336 Joannes
282 287 324 322 de
343 285 572 330 Temporibus
599 280 781 330 longaevus
806 281 848 315 ad
882 291 944 312 1111-

172 338 322 373 raculum
343 334 551 381 perhibetur,
584 341 660 377 135.
709 328 897 378 Qomodo
916 327 946 361 se

171 384 392 421 conservasset
410 383 450 416 ad
468 394 570 416 annos
589 389 765 419 trecentos,
880 386 945 430 155

124 437 264 477 ‘faamres
284 434 413 472 Scotus‚
434 430 562 465 subtilis
588 427 625 463 δε
654 427 883 465 scholasticus,
903 428 946 458 se-

121 476 131 481 *
173 484 285 531 pultus
303 493 365 529 pro
384 490 530 518 mortuo,
829 525 833 529 Ι
875 474 944 527 ’178

125 532 302 578 Joviniani
325 528 537 576 imperatoris
567 538 669 568 mors,
695 536 735 560 ex
764 524 946 572 parietibus

136 618 138 621 ,
173 589 321 615 recenter
337 577 506 617 dealbatis,
880 582 946 617 175

123 630 302 675 Iphicratis
329 627 432 662 verba
461 626 504 660 ad
529 621 832 662 Lacedaemonios,
860 631 943 665 353,

877 680 947 714 354

125 727 192 761 Iris
210 725 350 760 solvitur
371 724 402 758 in
421 731 552 761 ν611105,
898 729 942 761 42

124 777 286 821 Irrigatio
304 772 462 808 feracitati
480 769 621 811 confert,
880 778 892 800 1
905 779 944 812 19

126 825 288 859 Irroratio
307 823 338 856 in
357 821 504 862 aedibus,
531 819 610 865 gelu
630 817 780 858 madido,
808 817 864 861 98.
892 816 944 850 Ir-

172 873 293 907 roratio
309 870 460 916 corporis
477 881 536 915 per
552 878 663 915 potus,
880 865 941 900 161

125 921 253 963 Isaacus
268 918 459 953 Hollandus
476 916 653 964 chymista,
876 914 941 948 261

127 969 277 1013 Isocratis
296 976 396 1008 aetas,
769 975 848 1009 130,
880 974 944 1008 152

124 1019 216 1064 Juga
236 1016 415 1056 montium,
882 1023 946 1058 137

125 1067 238 1111 Julius
267 1065 398 1106 Caesar,
435 1063 586 1111 appetitu
615 1062 777 1108 inquietus
792 1077 803 1102 ·,
830 1061 948 1097 animo

174 1115 282 1156 fortis,
313 1114 392 1159 386.
439 1113 497 1147 Ad
529 1113 560 1148 se
577 1112 697 1147 cuneta
715 1111 840 1153 retulit,
868 1109 947 1145 ibid.

169 1163 345 1198 Potentiae
363 1162 471 1207 magis
489 1173 590 1208 quam
608 1160 764 1207 dignitati
780 1159 947 1201 studebat,

170 1212 250 1248 ibid.
303 1213 461 1246 Summus
478 1209 696 1245 simulationis
711 1209 747 1244 &
764 1208 947 1244 disfimula-

173 1262 274 1296 tionis
292 1260 425 1302 artifex,
452 1259 530 1295 ibid.
583 1259 772 1293 Affionum
786 1259 948 1293 humana-

174 1322 249 1344 rum
269 1310 495 1356 peritissimus,
526 1310 605 1353 387.
653 1307 846 1355 Qomodo
856 1306 948 1340 viam

175 1359 235 1394 sibi
266 1359 306 1393 ad
333 1369 473 1404 regnum
506 1356 681 1397 sternebat,
708 1355 781 1391 ibid.
835 1355 949 1389 Virtus

174 1407 244 1454 ejus
261 1408 293 1441 in
311 1407 436 1441 bellicis
455 1406 550 1440 rebus
567 1405 729 1443 maxima,
747 1404 821 1438 ibid.
850 1404 949 1437 Ami-

176 1450 233 1491 eos
264 1455 379 1501 quales
411 1454 551 1499 delegit,
594 1454 672 1497 388.
724 1451 850 1487 Literis
880 1463 949 1486 me-

174 1504 336 1539 diocriter
353 1501 515 1544 excultus,
542 1501 621 1536 ibid.
669 1501 707 1536 ln
724 1500 952 1548 voluptatibus

173 1552 378 1594 moderatus,
403 1546 480 1587 ibid.
530 1549 687 1585 Studium
718 1550 952 1598 popularitatis

174 1602 204 1637 ei
224 1601 376 1642 exitium,
873 1598 952 1634 ibid.

126 1652 249 1696 Juniae
261 1650 302 1685 C.
325 1647 423 1684 Caffii
442 1648 557 1685 uxoris
574 1656 675 1691 aetas,
882 1659 921 1691 13
934 1659 947 1682 1

128 1699 260 1745 Juscula
272 1698 429 1745 jecinori,
613 1721 616 1727 -
884 1709 897 1731 1
906 1697 952 1740 64

128 1749 293 1793 Juvenum
310 1759 387 1782 cum
406 1746 536 1782 senibus
553 1746 634 1782 seria
651 1746 804 1787 collatio,
885 1757 950 1792 179

129 1797 353 1842 Juvenqscere‚
661 1807 741 1838 142,
773 1806 852 1841 173,
883 1798 951 1841 187

128 1847 321 1892 Juventutis
337 1856 414 1881 cum
431 1843 596 1881 senedute
611 1846 837 1893 comparatio,
885 1855 953 1891 179

517 1944 562 1980 L.

212 2041 366 2086 Acrymae
380 2041 628 2089 vegetabilium
646 2040 728 2088 quid
745 2042 758 2076 ?
884 2039 952 2076 126

258 2092 379 2133 Lacus,
411 2091 508 2126 nullo
534 2090 694 2126 stridente
722 2098 837 2132 vento,
865 2091 952 2125 mire

179 2140 409 2181 intumescunt,
905 2152 952 2184 40

131 2188 294 2222 Laetitiae
312 2189 444 2234 gaudiis
461 2189 642 2236 praestant,
886 2200 947 2234 151

131 2237 259 2271 Laevor
275 2250 335 2284 per
351 2238 504 2273 accidens
521 2238 673 2280 desiccat,
883 2250 897 2272 1
909 2239 948 2272 18

130 2285 256 2327 Lanea,
274 2286 471 2333 quandoque
486 2288 595 2322 linteis
609 2286 852 2334 praeferuntur,
884 2297 951 2333 157

133 2333 271 2378 Lapides
290 2335 461 2381 longaevi,
886 2340 953 2380 1‘14

133 2382 271 2428 Lapides
286 2395 326 2417 ex
359 2395 454 2431 parte
486 2385 605 2420 boreae
636 2383 734 2421 citius
768 2385 950 2420 absumun-

884 2446 895 2468 1
911 2446 952 2477 14

132 2479 289 2523 Laffltudo
306 2492 414 2523 nocet,
773 2495 853 2528 151,
885 2483 952 2518 160

132 2528 255 2563 Latens
270 2531 430 2576 processus
446 2531 544 2577 quid,
883 2543 949 2577 251

132 2577 269 2611 Lateres
288 2578 399 2625 ignem
418 2581 508 2624 paffi,
535 2581 593 2615 diu
610 2580 743 2621 durant,
886 2593 899 2615 1
911 2593 954 2626 14

133 2626 274 2660 Latinus
291 2638 347 2661 rex
364 2626 663 2674 ofitingentenarius
690 2642 768 2665 cum
793 2628 868 2664 filio
886 2630 954 2665 sex-

181 2675 385 2718 centenario,
413 2676 491 2711 fidei
504 2677 634 2720 dubiae,
884 2690 954 2725 134

135 2723 279 2758 Lavatio
294 2724 445 2771 corporis
472 2725 505 2759 in
534 2725 667 2771 frigida,
693 2728 736 2762 ad
765 2728 955 2775 longitudi-

183 2784 259 2806 nem
278 2773 366 2808 vitae
384 2773 527 2816 confert,
558 2775 635 2809 160.
683 2777 723 2811 In
754 2778 862 2812 calida
880 2776 956 2823 reji-

182 2440 247 2472 tur,

181 2820 280 2862 citur,
777 2826 856 2872 156,
889 2838 901 2860 1
910 2826 956 2861 60

135 2868 330 2914 Lentiginosi
349 2870 456 2917 magis
472 2870 620 2913 vivaces,
890 2887 903 2909 1
912 2876 954 2920 38

135 2918 272 2952 Leonum
287 2926 386 2959 actas,
891 2936 904 2958 1
912 2934 929 2956 2
937 2935 954 2957 2

136 2967 290 3011 Leporum
308 2977 395 3001 aetas
414 2967 538 3010 brevis,
890 2984 903 3007 1
912 2983 929 3006 2
938 2985 955 3018 3

136 3016 261 3059 chrae
277 3028 356 3050 cura
373 3016 493 3051 balneo
511 3017 680 3064 sanguinis
697 3027 834 3060 tentata,
891 3031 954 3066 ¹7²

137 3064 313 3108 Leucippus
332 3065 368 3098 δε
382 3064 599 3103 Democritus
613 3068 805 3106 inventores
821 3067 957 3114 opinio-

185 3112 231 3147 nis
246 3112 287 3147 de
307 3123 425 3155 vacuo,
888 3120 955 3164 298

1001 227 1314 274 Leucophlegmaliae
1336 225 1457 266 diaeta,
1754 233 1822 262 120

998 278 1111 312 Liberi
1140 276 1230 310 venti
1262 275 1369 322 magis
1397 274 1535 310 asseclae
1559 272 1689 321 hyemis
1718 288 1822 323 quam

1045 325 1188 367 aestatis,
1216 325 1282 360 &a
1776 337 1821 370 34

998 375 1169 420 Lignorum
1187 375 1229 408 ad
1246 372 1425 407 infusiones
1443 373 1528 415 ustis,
1755 384 1822 419 ¹59

997 425 1134 457 Limites
1153 432 1330 456 ventorum
1353 421 1451 464 varii,
1775 424 1821 465 {48

998 473 1118 506 Lineae
1136 471 1327 518 spirituum,
1747 474 1820 508 .·1†82

994 522 1115 555 Lintea
1128 519 1274 567 suspeffita
1289 532 1368 567 prae
1382 518 1496 561 laneis,
1517 530 1595 567 157.
1615 518 1823 558 Putrefastio

1047 570 1141 604 lintei
1161 570 1192 604 in
1211 569 1456 609 combustione,
1757 581 1819 604 121

998 619 1212 664 Liqzteffai'z'ie),
1239 617 1437 664 colliquatio
1455 617 1651 664 spirituum,
1756 620 1826 656 181*

998 669 1150 714 Liquores
1168 667 1333 702 dulcorati
1343 667 1450 714 jecori
1469 665 1578 707 utiles,
1756 667 1827 710 164

1000 717 1060 751 Lis
1081 717 1117 750 δε
1134 716 1282 750 amicitia
1299 715 1375 751 sunt
1392 728 1505 752 rerum
1538 714 1707 762 principia
1728 716 1829 764 juxta

1048 765 1316 812 Empedoclem,
1756 764 1826 810 336

998 815 1154 849 Literata
1172 815 1242 848 vita
1259 813 1342 861 quid
1360 814 1458 862 poffit
1474 813 1517 848 ad
1547 813 1827 862 longaevitatem,

1760 874 1828 905 140

998 911 1254 946 Lithanthraces
1281 911 1401 947 incensi
1431 924 1534 959 quare
1563 923 1713 948 mortem
1744 912 1828 948 affe*

1046 971 1132 1002 rant,
1759 968 1835 1007 175'-

1001 1011 1151 1045 Litorius
1169 1010 1278 1056 Epius
1296 1010 1567 1052 trecentenarius‚
1758 1022 1825 1055 134

1001 1059 1136 1093 Litlora
1168 1059 1346 1106 quomodo
1376 1071 1495 1096 ventos
1542 1059 1832 1108 praemonstrant„

1782 1107 1835 1145 61.

1000 1156 1124 1192 Liviae
1139 1169 1247 1192 aetas:
1275 1158 1408 1205 optima
1427 1158 1548 1197 mima,
1761 1169 1823 1202 131

1001 1208 1170 1242 Lixivium
1189 1207 1355 1253 peCoendo
1373 1207 1409 1241 &
1440 1206 1594 1243 fricando
1623 1206 1729 1254 capiti
1753 1207 1829 1241 ido-

1051 1267 1166 1296 neum,
1761 1264 1830 1302 157

1001 1305 1088 1339 Loca
1106 1303 1232 1339 excelsa
1248 1304 1284 1338 ὅτ
1300 1304 1467 1352 depressa,
1493 1306 1602 1352 quoad
1626 1304 1830 1352 longaevos,

1762 1365 1776 1388 1
1809 1355 1827 1388 8

1002 1401 1122 1447 Logica
1141 1401 1312 1447 ingratum
1330 1402 1412 1449 quid
1429 1401 1534 1446 sonat,
1758 1366 1830 1446 226

1001 1450 1180 1497 Longaevi,
1225 1450 1376 1497 regiones
1404 1463 1488 1499 quae
1524 1452 1693 1498 longaevos
1718 1450 1838 1494 alunt‚.

1745 1512 1776 1536 ‘1

1000 1547 1238 1593 Longaeviores
1255 1548 1327 1584 sunt
1340 1549 1495 1584 homines
1511 1549 1544 1583 in
1561 1549 1757 1596 regionibus
1773 1512 1830 1585 fi?-

1050 1598 1255 1644 gidioribus,
1285 1598 1363 1643 136.
1417 1599 1457 1633 111
1475 1597 1588 1633 insulis
1618 1610 1720 1645 quarn
1748 1599 1839 1638 locis.

1050 1646 1316 1686 mediterraneis,
1362 1658 1442 1695 137.
1493 1647 1532 1681 In
1575 1648 1659 1683 locis
1693 1648 1828 1684 excellis

1048 1707 1150 1742 quam
1170 1696 1336 1743 depressis,
1747 1695 1830 1733 ibid.

1002 1746 1222 1790 Longaevitas
1248 1745 1464 1788 animalium,
1492 1745 1534 1781 ad
1561 1756 1637 1781 eam
1661 1757 1830 1792 quaenam

1050 1793 1242 1836 conferunt,
1260 1806 1340 1840 125,
1363 1794 1441 1830 126.
1468 1794 1523 1830 Ex
1537 1794 1719 1841 gestatione
1730 1796 1831 1839 uteri,

1055 1843 1132 1879 126.
1188 1844 1270 1878 Non
1289 1845 1456 1879 minuitur
1483 1856 1502 1878 a
1519 1844 1656 1879 decursu
1683 1844 1832 1880 saeculo-

1049 1904 1138 1934 rum,
1170 1893 1248 1938 136.
1299 1894 1339 1928 In
1360 1893 1460 1928 antris
1484 1893 1520 1928 &
1539 1893 1715 1941 speluncis,
1748 1905 1829 1939 154.

1051 1941 1108 1976 Ex
1125 1942 1234 1977 vistus
1252 1943 1380 1977 ratione
1398 1943 1550 1988 petenda,
1583 1943 1660 1978 162.
1713 1942 1764 1977 Ex
1781 1943 1833 1978 di-

1051 2001 1138 2033 aeta,
1177 2003 1245 2026 non
1276 1992 1450 2027 medicinis
1485 1992 1702 2040 temporariis
1730 2004 1840 2040 expe->

1050 2038 1185 2082 danda,
1764 2043 1830 2087 187

1002 2089 1254 2135 Longaevitatis
1262 2088 1351 2131 fasti,
1363 2099 1518 2137 tempore
1529 2089 1735 2138 Vespasiani,
1751 2102 1763 2126 1
1773 2102 1790 2136 3
1800 2103 1833 2133 1,

1056 2149 1135 2184 132.
1186 2139 1290 2185 Signa
1307 2139 1540 2186 prognostica,
1608 2142 1687 2186 138,
1715 2140 1832 2185 811160,

1003 2187 1186 2234 Longitudo
1203 2198 1394 2230 ventorum,
1422 2188 1518 2235 quid,
1780 2201 1829 2234 ⁷51

1003 2237 1163 2283 Loquaces
1181 2237 1238 2283 qui
1256 2237 1438 2279 senescunt,
1725 2253 1732 2257 ·
1765 2240 1834 2273 180

1004 2285 1114 2320 Lucae
1131 2286 1371 2333 Evangelistae
1389 2297 1491 2328 aetaS‚
1767 2299 1780 2322 1
1789 2298 1836 2334 33,

1004 2335 1128 2370 Luceia
1161 2335 1194 2370 in
1223 2336 1318 2372 scena
1345 2346 1481 2371 centum
1508 2335 1605 2371 annis
1636 2335 1782 2372 mimam
1799 2349 1842 2374 e—,

1052 2384 1116 2430 git,
1767 2396 1807 2431 13
1817 2397 1829 2420 1

1005 2434 1199 2468 Lucidorum
1214 2432 1458 2482 diaphane'itas,
1763 2445 1783 2469 2
1793 2446 1806 2469 ¹
1814 2444 1834 2480 3

1005 2484 1126 2517 Lucius
1143 2483 1252 2529 piscis,
1767 2493 1834 2529 125

1005 2533 1100 2566 Luna
1119 2532 1338 2568 rubicundior
1357 2533 1390 2568 in
1408 2542 1485 2569 ortu
1503 2540 1636 2577 quarto,
1655 2543 1835 2578 praemon-

1055 2581 1134 2616 strat
1151 2591 1284 2624 ventos,
1313 2594 1375 2626 41,
1404 2594 1460 2632 59.
1511 2580 1590 2615 Post
1607 2580 1712 2616 solem
1730 2582 1836 2629 pluri-

1056 2641 1153 2665 mum
1171 2630 1294 2677 potest,
1324 2631 1519 2678 praesertim
1537 2639 1613 2664 ante
1630 2629 1766 2677 eclipsin
1797 2631 1836 2666 &

1054 2679 1088 2713 in
1107 2679 1313 2725 pleniluniis,
1696 2692 1759 2724 44,
1788 2688 1834 2726 59

1007 2729 1104 2763 Luna
1133 2728 1215 2775 quid
1246 2729 1344 2774 poffit
1375 2728 1474 2776 super
1501 2736 1631 2770 ventos,
1656 2728 1836 2764 observatu

1054 2777 1210 2823 dignum,
1229 2789 1287 2822 45.
1340 2777 1396 2812 Ex
1414 2791 1451 2814 ea
1469 2778 1511 2812 de
1530 2778 1639 2813 ventis
1656 2777 1692 2812 &
1716 2778 1835 2812 imbri-

1056 2826 1115 2860 bus
1145 2827 1332 2874 praesagh,
1360 2838 1417 2873 59.
1469 2826 1599 2875 Qinta
1625 2825 1772 2872 suspecta
1787 2827 1836 2862 est

1057 2876 1177 2917 nautis,
1195 2875 1271 2910 ibid.
1293 2875 1414 2919 Recta‚
1431 2877 1546 2912 minax
1560 2876 1597 2910 &
1609 2873 1739 2917 infesta,
1752 2874 1834 2911 ibid.

1053 2923 1115 2958 Est
1130 2936 1251 2972 corpus
1268 2937 1428 2972 opacum,
1765 2935 1834 2971 307

1008 2972 1121 3007 Lunae
1136 2974 1220 3020 quid
1250 2974 1466 3011 tribuendum
1486 2973 1526 3009 sit
1557 2973 1590 3007 in
1619 2974 1836 3020 generatione

1045 3031 1249 3067 =ventorum,
1275 3035 1332 3066 44.
1386 3023 1426 3058 In
1444 3023 1535 3058 fluxu
1553 3022 1589 3056 &
1606 3023 1734 3058 refluxu
1763 3033 1837 3057 ma·

1057 3070 1115 3113 ris,
1136 3082 1219 3118 237,
1240 3083 1320 3115 242.
1344 3071 1442 3107 Luna
1458 3071 1667 3119 planetarum
1684 3072 1836 3108 infirma.

1751 3131 1836 3211 ἓξὲξ
