1973 3570
66 240 166 284 *280
600 232 1069 281 CoGiTATA
1128 220 1238 278 ET
1301 231 1505 278 visa

253 328 346 373 dum
362 333 429 372 esse
445 347 451 370 2
483 332 543 370 sed
561 335 595 369 ὃ(
608 333 793 380 quandam
811 334 1135 381 opportunitatem
1151 344 1233 383 prae
1251 330 1283 367 se
1299 331 1405 376 serre,
1434 342 1516 367 tum
1553 330 1603 366 ob
1623 327 1862 382 imprimendi

254 402 374 428 artem
401 390 564 436 antiquis
581 390 828 436 incognitam,
859 388 960 431 cujus
991 386 1174 422 beneficio
1202 384 1432 434 lingulorum
1457 388 1608 421 inventa
1640 388 1675 422 ὃ(
1699 387 1863 433 cogitata

254 444 411 494 v’fulguris
426 444 547 480 modo
561 441 807 479 tranlcurrcre
827 452 977 491 queant,
1008 452 1091 477 tum
1107 442 1156 477 ob
1184 441 1380 488 religionis
1396 438 1671 485 controversias,
1702 449 1864 487 quarum

258 500 384 538 taedio
401 498 545 535 fortasse
566 495 737 533 homines
752 496 796 532 ad
807 494 878 532 Dei
893 494 1121 545 potestatem,
1151 495 1379 543 sapientiam,
1410 497 1446 543 3<
1471 495 1680 535 bonitatem
1710 493 1747 530 in
1772 506 1858 544 ope-

260 555 360 592 ribus
377 553 443 590 suis
459 551 794 602 contemplandum
812 550 952 587 facilius
980 549 1150 586 animum
1179 550 1336 595 adjicere
1367 545 1519 598 possint.
1579 548 1615 586 si
1636 548 1716 596 quis
1735 554 1862 599 autem

261 608 302 646 sit
319 606 572 656 quiconsensu
591 609 625 642 ὃ(
646 603 825 656 temporis
853 603 1094 642 diuturnitate
1123 603 1160 640 in
1176 615 1343 642 veterum
1371 605 1513 654 placitis
1529 613 1735 648 moveatur,
1768 604 1807 648 is,
1836 600 1865 638 fi

262 664 300 700 in
319 675 371 700 res
385 664 526 698 acutius
548 659 786 711 introspiciat,
816 660 987 696 ductores
997 660 1205 695 admodum
1224 670 1369 709 paucos,
1401 657 1563 705 reliquos
1577 657 1770 694 sectatores
1784 659 1861 694 tan-

264 729 345 756 tum
371 719 406 754 5<
435 727 635 752 numerum
678 713 746 750 effe
773 713 936 762 reperiet.
995 713 1177 750 Homines
1204 712 1381 749 nimirum
1410 714 1472 763 qui
1503 713 1547 749 ab
1573 711 1781 760 ignorantia
1818 710 1864 748 ad

264 772 529 825 praejudicium
546 767 777 816 transierunt,
807 780 926 818 neque
943 769 981 803 in
998 779 1128 804 verum
1144 767 1366 803 eonsensum
1385 766 1463 816 (qui
1486 764 1702 818 interposito
1727 764 1868 810 judicio

265 828 320 874 fit)
352 836 517 872 unquam
530 819 715 859 eo'i‘eriint.
772 822 899 871 Atque
924 821 1039 870 ipsam
1063 822 1245 871 temporis
1266 820 1548 858 diuturnitatem
1575 822 1670 860 reete
1699 818 1863 857 confide-

267 880 361 918 ranti
391 879 428 915 in
444 876 620 926 angustias
641 888 764 927 parvas
781 875 908 924 redigi.
966 878 1069 913 Nam
1102 889 1144 912 ex
1173 875 1304 924 viginti
1328 875 1493 923 quinque
1519 887 1709 912 annorum
1738 885 1865 912 centu-

267 934 338 979 riis,
369 937 407 970 in
432 933 565 979 quibus
581 930 762 967 memoria
790 930 993 967 hominum
1024 930 1100 966 fere
1123 930 1298 976 versatur,
1328 932 1386 966 vix
1417 932 1582 981 quinque
1610 927 1792 967 centurias
1816 929 1866 966 se-

268 987 372 1039 pom,
401 998 493 1038 quac
510 986 745 1022 scientiarum
766 983 965 1034 proventui
981 986 1089 1021 utiles
1105 987 1139 1021 <St
1161 985 1296 1022 feraces
1317 983 1466 1031 fuerint,
1495 984 1623 1035 eatque
1647 983 1737 1034 ipsas
1752 985 1868 1033 longe

270 1042 429 1080 maxima
450 1054 493 1077 ex
516 1050 613 1091 parte
629 1039 704 1076 aliis
715 1039 886 1086 scientiis,
917 1052 997 1076 non
1021 1038 1081 1076 illa
1102 1040 1291 1076 denatura
1307 1039 1394 1076 satas
1417 1042 1453 1076 ἃ
1478 1041 1591 1075 cultas
1606 1038 1720 1075 fuiss'c.
1776 1039 1871 1075 Tres

270 1096 370 1134 enim
396 1095 645 1133 doctrinarum
672 1094 921 1132 revolutiones
942 1097 977 1130 δε
1006 1093 1178 1144 periodos
1208 1096 1415 1131 numerari:
1445 1106 1558 1130 unam
1575 1093 1670 1145 apud
1690 1092 1871 1140 Graecos,

272 1154 423 1189 alteram
438 1151 533 1199 apud
547 1149 750 1195 Romanos,
780 1148 951 1186 ultimam
979 1149 1075 1197 apud
1104 1148 1348 1186 occidentales
1365 1146 1540 1199 Europae
1565 1149 1757 1184 nationes:
1788 1149 1871 1184 reli-

274 1219 346 1255 qua
369 1206 499 1242 mundi
520 1216 690 1253 tempora
706 1203 809 1240 bellis
826 1206 859 1240 &
875 1202 952 1240 aliis
981 1201 1102 1239 studiis
1125 1214 1313 1254 occupata,
1344 1205 1379 1240 δε
1404 1203 1527 1251 quoad
1557 1201 1791 1239 scientiarum
1820 1201 1870 1239 sc'-

273 1272 411 1312 gereni,
439 1257 905 1298 sterilia&vastainvcniti
960 1257 1090 1305 Atque
1106 1259 1151 1295 de
1180 1268 1351 1307 tempore
1380 1255 1425 1294 sic
1455 1258 1659 1306 cogitabat:
1689 1256 1799 1293 etiam
1828 1267 1874 1294 cx

275 1316 375 1353 castis
398 1316 433 1351 vi
453 1317 489 1351 δε
507 1325 637 1351 natura
653 1313 866 1359 hujusmodi
892 1313 1162 1349 divinationem
1190 1311 1349 1362 sumpsit.
1409 1312 1548 1349 Casum
1572 1311 1754 1348 nimirum
1787 1323 1872 1360 pro-

275 1369 455 1408 culdubio
472 1368 597 1406 multis
625 1368 784 1406 inventis
804 1367 1031 1420 principium
1054 1367 1198 1412 dediss'e,
1229 1368 1372 1415 sumpta
1401 1380 1442 1403 ex
1468 1378 1596 1403 natura
1619 1379 1743 1402 rerum
1767 1378 1872 1403 occa·

276 1424 390 1462 sione.
447 1426 554 1462 Num
570 1422 654 1459 ideo
669 1422 706 1459 in
724 1422 818 1472 ignis
840 1422 994 1458 invento
1011 1419 1285 1458 Prometheum
1305 1434 1423 1458 novae
1440 1419 1577 1458 Indiae
1606 1421 1650 1457 ab
1672 1418 1871 1472 Europaeo

278 1477 480 1524 diss'enfiss'e,
509 1478 610 1528 quod
627 1478 722 1527 apud
738 1489 802 1513 eos
824 1475 929 1513 filicis
958 1487 1037 1512 non
1058 1476 1106 1512 cst
1132 1475 1246 1527 eopia.
1303 1478 1430 1524 ltaque
1455 1478 1495 1512 in
1524 1474 1589 1522 his,
1619 1488 1712 1523 quae
1734 1475 1877 1526 praesto

278 1534 375 1580 sunt,
406 1532 527 1569 casum
550 1533 685 1580 largius
713 1530 863 1569 inventa
890 1529 1070 1577 exhibere,
1101 1532 1213 1577 iniis,
1243 1543 1336 1579 quae
1349 1532 1394 1567 ab
1411 1530 1477 1567 usu
1495 1529 1717 1578 quotidiano
1733 1529 1876 1567 lemota

280 1589 377 1634 sunt,
407 1587 560 1636 parcius,
588 1586 647 1622 sed
663 1595 852 1637 utcunque
873 1584 1048 1622 omnibus
1076 1585 1222 1623 saeculis
1237 1585 1414 1635 parturire
1431 1588 1466 1622 ὃ(
1481 1597 1618 1636 parere.
1677 1587 1812 1635 Neque
1841 1598 1876 1622 e-

280 1642 360 1681 nim
377 1642 521 1679 causam
544 1639 671 1687 videri,
700 1653 765 1678 cur
797 1640 895 1678 casus
919 1639 1146 1677 consenuisse
1173 1651 1332 1690 putetur,
1360 1651 1423 1677 aut
1456 1640 1613 1677 effoetus
1645 1640 1719 1685 jam
1747 1640 1876 1677 saffirus.

280 1697 396 1747 igitur
417 1698 467 1733 ita
486 1696 684 1745 cogitabat,
714 1694 739 1732 fi
759 1694 973 1732 hominibus
1000 1707 1081 1731 non
1099 1696 1357 1746 quaerentibus
1372 1698 1408 1732 ὃς
1423 1695 1523 1732 aliud
1539 1695 1731 1744 agentibus
1754 1696 1878 1733 multa,

281 1754 433 1790 inventa
449 1760 662 1797 occurrunt,
691 1750 835 1788 nemini
856 1749 940 1787 sane
959 1748 1114 1786 dubium
1131 1750 1199 1787 ess'e
1212 1750 1324 1802 posse,
1354 1751 1444 1799 quin
1456 1749 1587 1786 iisdem
1602 1748 1876 1797 quaerentibus,

280 1808 393 1856 idque
408 1807 466 1843 via
484 1808 520 1842 ὃς
540 1804 683 1852 ordine,
709 1818 790 1842 non
815 1807 959 1857 impetu
980 1806 1015 1841 &
1031 1803 1242 1852 desultorie,
1271 1806 1385 1854 longe
1401 1806 1504 1856 plura
1522 1805 1646 1853 detegi
1663 1801 1802 1841 necesse
1821 1802 1876 1842 fit.

279 1861 389 1899 Licet
409 1859 512 1898 enim
534 1859 648 1896 semel
663 1871 725 1897 aut
740 1859 874 1897 iterum
889 1860 1050 1896 accidere
1069 1856 1193 1909 poflit,
1222 1871 1263 1897 ut
1291 1859 1471 1911 quispiam
1491 1861 1531 1896 in
1555 1858 1591 1896 id
1607 1860 1705 1896 forte
1723 1858 1878 1897 fortuna

279 1916 434 1962 incidat,
462 1915 566 1966 quod
582 1927 723 1964 magno
738 1925 875 1952 conatu
892 1913 1113 1951 scrutantem
1129 1925 1235 1952 antea
1257 1915 1365 1965 fugit,
1393 1925 1520 1952 tamen
1535 1912 1573 1951 in
1588 1914 1733 1951 summa
1753 1925 1880 1951 rerum

281 1968 532 2021 proculdubio
561 1968 790 2006 contrarium
813 1968 981 2007 inveniri.
1043 1969 1181 2006 Casum
1206 1972 1310 2007 enim
1333 1969 1475 2021 operari
1506 1981 1604 2016 raro,
1643 1971 1680 2006 ὃς
1707 1968 1799 2011 sero,
1842 1971 1880 2006 δε

286 2023 433 2076 sparsim
449 2042 462 2066 ‚-
494 2034 613 2061 artem
633 2034 764 2061 contra
783 2025 1002 2071 constanter,
1032 2026 1067 2060 &
1089 2024 1328 2075 compendio,
1358 2028 1395 2062 &
1427 2023 1632 2062 turmatim.
1687 2022 1808 2060 Etiam
1836 2036 1880 2061 ex

286 2078 448 2118 inventis
474 2077 566 2128 ipsis,
596 2091 689 2126 quae
713 2081 786 2125 jam
815 2079 853 2116 in
882 2081 1004 2116 lucem
1031 2080 1179 2128 prodita
1208 2080 1304 2126 sum,
1333 2080 1379 2117 de
1407 2079 1459 2127 iis,
1487 2091 1579 2130 quac
1609 2077 1726 2115 adhuc
1750 2079 1880 2124 latent,

286 2134 543 2179 conjecturam
563 2130 757 2170 rectissime
772 2136 851 2185 capi
866 2134 1027 2183 putabat.
1086 2135 1229 2172 Eorum
1256 2146 1382 2172 autem
1410 2135 1595 2172 nonnulla
1624 2133 1700 2178 ejus
1725 2132 1793 2169 effe
1821 2145 1882 2182 ge-

289 2188 397 2235 neris,
426 2198 467 2225 ut
496 2198 696 2236 antequam
712 2191 979 2234 invenirentur,
1009 2189 1104 2226 haud
1127 2190 1234 2226 facile
1261 2192 1435 2238 cuiquam
1464 2190 1504 2226 in
1536 2198 1703 2224 mentem
1718 2185 1882 2235 venisset,

288 2245 335 2281 dc
351 2246 394 2280 iis
409 2243 546 2294 aliquid
563 2242 741 2292 suspicari.
800 2245 928 2281 Solcre
944 2242 1234 2281 enimhomincs
1261 2246 1308 2282 de
1332 2246 1438 2283 novis
1465 2244 1571 2280 rebus
1599 2243 1644 2279 ad
1666 2243 1880 2291 exemplum

289 2305 458 2335 veterum
477 2300 513 2334 δε
540 2297 584 2333 ad
606 2297 830 2349 pliantafiam
855 2311 897 2335 ex
922 2296 963 2335 iis
979 2310 1207 2348 praeceptam
1234 2299 1426 2337 hariolari:
1455 2298 1557 2346 quod
1573 2296 1750 2348 opinandi
1765 2309 1884 2346 genus

290 2349 566 2390 fallacissimum
581 2355 640 2398 est,
668 2353 977 2404 quandoquidem
1004 2365 1056 2400 ea,
1086 2366 1179 2401 quae
1194 2367 1236 2391 ex
1252 2366 1374 2391 rerum
1402 2354 1570 2390 fontibus
1599 2362 1788 2401 petuntur,
1816 2363 1882 2403 per

290 2407 428 2444 rivulos
448 2407 647 2444 consuetos
671 2420 752 2445 non
766 2409 895 2459 utiquc
911 2408 1055 2445 fluunt:
1085 2408 1197 2445 veluti
1212 2407 1238 2445 fi
1256 2408 1334 2457 quis
1356 2419 1441 2445 ante
1456 2418 1735 2444 tormentorum
1755 2408 1884 2455 igneo-

292 2473 377 2497 rum
392 2461 664 2508 inventionem,
687 2473 768 2499 rem
794 2475 858 2512 per
874 2462 1021 2500 effeetus
1036 2461 1276 2512 descripsisset,
1303 2473 1413 2511 atque
1440 2464 1489 2499 ita
1505 2461 1655 2507 dixifl‘ct,
1684 2462 1884 2498 inventum

291 2516 483 2563 quoddam
509 2517 696 2554 detectum
725 2517 804 2564 ess'e,
833 2530 899 2569 per
922 2517 1025 2566 quod
1056 2519 1155 2553 muri
1180 2520 1214 2554 ὅ(
1252 2517 1479 2555 munitiones
1512 2528 1677 2568 quaeque
1702 2514 1885 2552 maximae

294 2582 338 2606 ex
362 2571 480 2618 longo
508 2570 705 2608 intervallo
733 2582 974 2620 quaterentur
1002 2574 1038 2609 &
1065 2572 1328 2615 dejicerentur;
1365 2571 1538 2609 homines
1567 2571 1649 2607 ilinc
1678 2569 1724 2606 dc
1748 2570 1887 2608 viribus

293 2634 579 2661 tormentorum
595 2628 631 2663 ὅ(
656 2625 909 2664 machinarum
933 2639 996 2678 per
1019 2627 1184 2675 pondera
1198 2629 1234 2663 ὅ(
1249 2637 1344 2664 rotas
1365 2631 1401 2664 δε
1428 2625 1559 2663 limilia
1581 2625 1887 2673 multiplicandis,

295 2679 417 2715 multa
437 2681 472 2715 ὃς
492 2679 585 2716 varia
612 2691 936 2719 commentatur-os
958 2679 1083 2723 fuifl'e5
1112 2682 1159 2718 de
1186 2692 1302 2719 vento
1326 2692 1451 2719 autem
1477 2680 1600 2730 igneo,
1633 2681 1691 2718 vix
1721 2691 1888 2729 unquam

295 2732 604 2782 imaginationem
620 2737 783 2784 aliquam
802 2736 1036 2773 occursuram
1051 2736 1166 2783 fuiss’e,
1195 2746 1235 2773 ut
1256 2737 1360 2781 cujus
1379 2737 1591 2784 exemplum
1611 2746 1690 2771 non
1707 2732 1888 2787 vidissent,

297 2785 364 2825 nisi
395 2787 493 2824 forte
524 2786 562 2823 in
590 2798 704 2826 terrae
735 2801 845 2828 motu
870 2802 932 2828 aut
955 2790 1126 2838 fulmine,
1154 2803 1246 2841 quae
1275 2803 1315 2828 ut
1344 2803 1426 2828 non
1453 2788 1644 2826 imitabilia
1673 2786 1887 2833 rejecissent.

297 2842 445 2879 Eodem
465 2842 586 2878 modo
617 2842 640 2878 si
656 2855 740 2881 ante
763 2845 816 2882 fili
846 2845 1065 2894 bombycini
1090 2844 1350 2884 inventionem
1372 2844 1550 2896 quispiam
1579 2841 1791 2887 hujusmodi
1819 2842 1887 2879 ser-

297 2907 457 2934 monem
486 2895 677 2941 injceiss'et:
706 2899 774 2936 css'e
788 2901 979 2950 quoddam
999 2899 1051 2936 fili
1066 2913 1181 2949 genus
1203 2900 1248 2937 ad
1267 2901 1419 2937 vestium
1442 2901 1478 2935 &
1509 2896 1737 2949 supellectilis
1765 2896 1887 2944 usum,

294 2952 403 3002 'quod
419 2951 524 2988 filum
540 2952 682 2987 lineum
697 2963 760 2989 aut
775 2955 926 2991 laneum
948 2955 1063 3004 longe
1077 2954 1256 2992 tenuitate
1274 2967 1316 2991 ac
1342 2951 1584 2991 nihilominus
1607 2953 1815 2998 tenacitate,
1846 2964 1887 2989 ac

295 3007 415 3042 etiam
444 3005 638 3054 splendore
655 3007 865 3045 &mollitie
884 3010 1090 3056 excelleret,
1119 3010 1292 3046 homines
1309 3007 1429 3046 statim
1455 3017 1517 3044 aut
1546 3007 1591 3043 de
1622 3005 1733 3043 scrico
1760 3007 1889 3054 aliquo

302 3060 514 3108 vegetabili,
551 3070 613 3097 aut
638 3060 684 3097 de
708 3062 860 3107 alicujus
887 3065 1056 3100 animalis
1078 3062 1159 3114 pilis
1190 3060 1473 3107 delicatioribus,
1508 3071 1569 3098 aut
1593 3061 1639 3098 de
1660 3063 1782 3099 avium
1812 3062 1889 3109 plu-

298 3113 373 3152 mis
397 3116 433 3153 ὃ(
461 3113 635 3165 lanugine
661 3113 797 3166 aliquid
810 3115 1027 3167 opinaturos
1055 3118 1176 3156 fuisse:
1205 3119 1251 3155 de
1269 3117 1402 3157 vermis
1416 3126 1541 3154 autem
1557 3117 1706 3162 alicujus
1735 3124 1889 3160 textura,

1776 3180 1890 3217 eaque
