1973 3570
143 201 247 250 250

341 183 443 251 DE
496 173 1340 229 INTE'RPRETATJIONE
1392 171 1818 227 NATURAE.

288 278 393 316 nulla
413 289 507 326 quae
528 278 669 314 utiliter
689 275 984 327 praecipiamus,)
1014 273 1242 310 ministratio
1266 272 1326 310 ista
1340 274 1386 311 ad
1411 276 1640 318 memoriam
1658 277 1784 315 tribus.
1801 290 1889 329 ope-

288 335 337 371 ris
351 330 422 370 sive
437 328 572 369 officiis
587 330 752 368 constare
766 330 923 369 videtur.
980 329 1123 374 Primo,
1151 328 1371 366 docebimus
1386 331 1508 377 qualia
1523 328 1591 367 sint
1607 342 1659 375 ea,
1689 343 1782 379 quae
1797 336 1893 373 circa

291 387 498 435 subjeetum
526 387 656 424 datum
679 380 749 422 five
771 382 1005 434 propositum
1033 383 1290 430 (discurrendo
1309 396 1375 435 per
1395 384 1598 432 historiam)
1622 387 1762 433 inquiri
1784 388 1893 427 debe-

288 453 367 489 ant,
387 442 491 491 quod
507 441 554 478 est
568 441 677 487 instar
691 441 849 489 topicae.
907 438 1094 485 Secundo,
1114 450 1192 486 quo
1206 438 1341 476 ordine
1356 440 1419 476 illa
1434 439 1581 488 disponi
1597 451 1781 489 oporteat,
1802 445 1894 482 &in

289 499 432 536 tabulas
451 497 580 546 digeri.
637 497 774 543 Neque
794 505 920 533 tamen
942 495 1023 531 ullo
1046 493 1167 530 modo
1189 493 1377 544 speramus
1402 506 1528 532 veram
1549 497 1602 531 rei
1623 508 1770 541 venam,
1799 510 1894 546 quae

289 565 333 590 ex
349 553 520 601 analogia
541 549 697 589 universi
713 548 753 586 sit
774 550 849 596 jam
864 561 884 586 a
900 549 1098 598 principio,
1127 550 1289 585 inveniri
1304 549 1418 600 poss'e,
1447 559 1487 586 ut
1500 561 1584 590 ⁴eam
1606 550 1756 598 partitio
1769 551 1893 601 sequa-

290 618 363 654 tur,
393 606 455 644 sed
476 616 627 643 tantum
651 615 905 657 apparentem,
936 614 976 641 ut
996 616 1051 640 res
1070 602 1198 652 aliquo
1220 605 1342 640 modo
1359 603 1498 641 secetur
1520 606 1560 641 in
1581 615 1711 655 partes.
1731 640 1735 642 .
1757 608 1893 649 -Citius

293 664 399 699 enim
420 671 587 710 emerget
614 663 745 699 veritas
770 672 790 696 e
809 657 975 705 falsitate,
1012 671 1125 706 quam
1154 671 1175 695 e
1200 656 1433 705 confusione,
1472 662 1507 696 δε
1533 660 1676 696 facilius
1697 664 1793 698 ratio
1812 672 1894 700 cor—

291 719 387 767 riget
402 717 658 766 partitionem,
689 727 801 762 quam
816 714 1024 763 penetrabit
1040 713 1201 750 massam.
1258 714 1393 750 Tertio
1409 715 1533 761 itaque
1549 713 1795 763 ostendemus,
1816 730 1894 766 quo

290 772 412 808 modo
428 774 464 808 ὅ(
480 783 558 818 quo
573 780 746 820 tempore
760 766 949 816 inquisitio
963 766 1005 804 sit
1027 768 1300 816 reintegranda,
1330 771 1366 805 ὅ(
1381 769 1526 805 chartae
1548 767 1616 806 sive
1632 772 1777 807 tabulae
1794 783 1893 820 prae>

289 827 466 864 cedentes
493 826 533 860 in
557 823 699 860 chartas
724 824 893 861 novellas
919 822 1237 871 transportandae,
1277 826 1313 860 ὅς
1336 825 1483 870 quoties
1508 822 1699 872 inquisitio
1726 825 1768 862 fit
1794 837 1893 876 repe>

290 881 414 918 tenda.
471 880 624 916 Etenim
652 879 791 929 primas
811 877 1021 914 chartarum
1052 876 1162 913 series
1189 878 1248 914 vel
1268 876 1431 926 sequelas
1458 877 1564 927 super
1595 880 1706 930 polos
1734 882 1894 920 mobiles

291 933 385 974 verti
410 935 612 979 statuimus,
650 936 687 970 δε
710 942 861 970 tantum
884 932 1126 982 probationes
1146 932 1216 969 ess'e
1237 934 1273 969 ὅ(
1296 943 1528 969 tentamenta
1552 933 1826 982 inquisitionis3
1854 936 1895 974 sr-

290 990 448 1038 quidem
463 998 635 1025 mentem
653 989 695 1025 in
710 997 882 1024 naturam
907 999 1031 1024 rerum
1046 988 1102 1034 jus
1116 985 1223 1024 suum
1247 987 1468 1036 persequi&
1483 989 1655 1025 obtinere
1676 991 1786 1038 polle,
1816 990 1896 1029 nist-

291 1046 449 1093 rcpetita
469 1043 627 1089 afflone,
656 1044 767 1095 plane
786 1038 1002 1079 diffidimus.
1059 1044 1187 1090 Itaque
1210 1043 1434 1079 ministratio
1457 1043 1502 1079 ad
1528 1046 1753 1081 memoriam
1777 1048 1896 1085 tribus

294 1099 351 1146 (ut
374 1097 544 1146 diximus)
570 1098 750 1135 doctrinis
773 1096 986 1136 absolvitur.
1041 1098 1102 1134 De
1126 1096 1218 1134 locis
1233 1096 1460 1145 inveniendi,
1490 1099 1537 1136 de
1560 1099 1746 1136 methodo
1769 1112 1896 1140 eonta-

293 1154 462 1201 bulandi,
491 1155 528 1190 &
547 1153 594 1190 de
614 1153 734 1190 modo
750 1152 974 1200 instaurandi
998 1150 1294 1200 inquifitionem.
1352 1153 1519 1204 Superest
1540 1155 1762 1192 ministratio
1776 1157 1821 1193 ad
1843 1168 1896 1194 ra—

291 1210 454 1255 tionem,
491 1209 550 1246 cui
574 1208 864 1245 ministrationes
889 1208 982 1246 duae
1007 1208 1149 1257 priores
1174 1207 1462 1245 subministrant.
1519 1209 1679 1247 Nullam
1705 1210 1806 1247 enim
1826 1223 1896 1261 ¹pet·

292 1276 353 1301 eas
379 1262 616 1301 constituitur
636 1264 794 1310 axioma,
834 1262 895 1300 sed
922 1272 1070 1309 tantum
1099 1263 1212 1300 notio
1239 1261 1389 1311 simplex
1411 1275 1497 1301 cum
1524 1263 1675 1301 historia
1703 1267 1896 1308 ordinata3

291 1329 399 1356 certo
422 1317 604 1357 verificata
629 1331 694 1370 per
720 1317 1033 1355 ministrationem
1061 1319 1223 1368 primam
1249 1328 1359 1365 atque
1379 1319 1431 1354 ita
1460 1318 1728 1367 repraesentata
1756 1333 1821 1370 per
1845 1321 1896 1359 se-

291 1374 468 1421 cundam,
498 1383 539 1412 ut
562 1384 741 1421 tanquam
756 1375 796 1410 in
818 1373 996 1423 potestate
1011 1371 1132 1409 nostra
1155 1370 1207 1408 fit.
1262 1372 1392 1420 Atque
1408 1374 1631 1411 ministratio
1649 1375 1694 1410 ad
1712 1377 1898 1414 rationem

294 1441 338 1466 ea
361 1430 522 1466 maxime
546 1428 695 1480 probari
715 1439 893 1474 meretur,
923 1439 1016 1475 quae
1038 1428 1228 1464 rationem
1248 1427 1293 1463 ad
1315 1439 1408 1478 opus
1429 1427 1536 1464 suum
1559 1431 1836 1478 exequendum,
1859 1434 1899 1470 ὅ(

292 1483 410 1521 finem
438 1482 690 1520 obtinendum
718 1484 864 1532 optime
894 1482 1044 1526 juvabit.
1102 1482 1210 1533 Opus
1232 1492 1359 1519 autem
1389 1484 1545 1520 rationis
1566 1494 1697 1521 natura
1723 1485 1897 1528 unicum3

292 1538 370 1576 fine
393 1540 430 1575 ὅ(
444 1536 509 1575 usu
523 1538 721 1586 geminum
745 1537 804 1574 est.
860 1536 942 1574 Aut
966 1538 1070 1574 enim
1090 1535 1182 1573 seire
1198 1539 1234 1574 ὅ(
1258 1538 1520 1588 contemplari,
1549 1550 1611 1575 aut
1636 1551 1744 1588 agere
1761 1544 1798 1578 ὃ(
1820 1538 1899 1579 effi-

293 1605 391 1640 cere,
421 1592 570 1629 homini
596 1604 668 1643 pro
681 1591 756 1630 fine
780 1591 838 1629 est.
896 1593 1027 1640 Itaque
1050 1602 1113 1629 aut
1133 1591 1259 1629 causae
1284 1594 1467 1641 expetitur
1482 1595 1655 1641 cognitio
1677 1597 1712 1631 &
1727 1605 1898 1634 contem-

294 1648 437 1698 plati03
466 1657 527 1684 aut
551 1646 673 1684 effeffl
692 1646 848 1697 potestas
873 1648 909 1684 ὃς
930 1649 1048 1696 copia.
1105 1647 1366 1698 Quamobrem
1390 1647 1465 1685 dati
1491 1648 1641 1686 effeetus
1664 1651 1722 1687 vel
1747 1662 1899 1689 natutae

293 1704 337 1740 in
361 1703 494 1751 quovis
516 1701 681 1749 subjesto
704 1702 824 1740 causas
847 1702 951 1739 noss'e
972 1703 1138 1739 intentio
1158 1701 1207 1739 est
1220 1702 1404 1739 humanae
1428 1702 1611 1740 scientiae.
1669 1707 1800 1753 Atque
1821 1718 1900 1744 rur-

293 1757 366 1805 su3‚
402 1757 508 1809 super
536 1757 660 1794 datam
687 1758 863 1795 materiae
887 1755 986 1794 basin
1015 1756 1190 1794 effectum
1217 1758 1377 1805 quodvis
1398 1756 1469 1796 sive
1491 1770 1660 1795 naturam
1690 1760 1803 1806 (inter
1826 1772 1914 1798 ter--

294 1814 421 1849 minos
436 1807 645 1862 possibiles)
662 1813 860 1864 imponere
880 1813 939 1849 vel
955 1811 1253 1863 superinducere,
1284 1811 1447 1850 intentio
1467 1814 1515 1850 est
1529 1814 1713 1851 humanae
1734 1816 1899 1864 praesen-

294 1869 378 1904 tiae.
435 1867 565 1915 Atque
585 1867 653 1904 hae
676 1866 907 1904 intentiones
930 1869 1072 1904 acutius
1090 1867 1302 1916 inspicienti
1324 1870 1359 1905 ὅ(
1380 1880 1465 1905 vere
1488 1867 1706 1916 aestimanti,
1735 1873 1775 1907 in
1798 1870 1899 1909 idem

296 1922 533 1960 coincidunt.
590 1923 693 1960 Nam
714 1922 817 1971 quod
842 1924 883 1958 in
906 1924 1231 1974 contemplatione
1255 1923 1362 1960 instar
1377 1922 1504 1961 causae
1524 1923 1584 1969 est,
1614 1926 1654 1960 in
1678 1928 1902 1973 operatione

294 1976 346 2013 est
370 1976 479 2014 instar
494 1974 633 2018 medii5
663 1976 798 2014 seimus
821 1978 924 2014 enim
944 1989 1009 2027 per
1030 1976 1162 2024 causas,
1191 1989 1392 2029 operamur
1411 1990 1477 2028 per
1497 1979 1630 2016 media.
1687 1981 1734 2016 Et
1754 1991 1851 2018 certe
1874 1980 1902 2019 si

295 2031 421 2069 media
436 2030 616 2078 universa,
646 2044 739 2080 quae
753 2032 799 2069 ad
823 2044 936 2083 opera
952 2033 1139 2080 quaelibet
1162 2033 1418 2081 requiruntur,
1448 2034 1598 2070 homini
1619 2044 1750 2083 optato
1764 2036 1808 2072 ad
1824 2047 1900 2074 ma-

295 2098 391 2125 num
406 2086 655 2138 suppeterent,
684 2088 739 2123 nil
754 2099 848 2137 opus
861 2087 961 2124 foret
976 2099 1218 2139 magnopere,
1247 2088 1309 2125 ista
1326 2087 1518 2138 separatim
1532 2089 1696 2126 tranare.
1755 2092 1902 2129 Verum

297 2152 386 2178 cum
414 2142 585 2191 operatio
610 2141 773 2179 humana
797 2141 837 2179 in
862 2143 986 2179 multo
1015 2144 1176 2184 maiores
1200 2142 1379 2192 angustias
1407 2145 1665 2193 compellatur,
1703 2156 1818 2193 quam
1835 2146 1905 2184 sei—

298 2196 412 2243 entia,
442 2206 596 2247 propter
617 2197 801 2234 individui
822 2198 1049 2247 multiplices
1075 2194 1306 2235 necessitates
1328 2200 1364 2235 ὅ(
1386 2200 1551 2247 inopiam
1579 2200 1674 2236 adeo
1697 2211 1737 2237 ut
1758 2201 1802 2237 ad
1822 2210 1901 2251 par·

297 2260 377 2287 tem
404 2252 636 2303 operativam
662 2253 872 2300 requiratur
904 2251 1044 2301 saepius
1068 2264 1150 2289 non
1175 2262 1252 2290 tam
1280 2253 1455 2302 sapientia
1481 2253 1693 2290 universalis
1721 2257 1758 2292 &
1787 2253 1909 2294 libera·

297 2305 345 2342 de
365 2318 412 2343 eo
431 2306 535 2354 quod
557 2305 636 2343 fieri
660 2307 790 2357 potest,
819 2318 933 2355 quam
956 2307 1154 2356 prudentia
1176 2307 1279 2357 sagax
1303 2311 1340 2346 δε
1355 2309 1467 2345 solers
1490 2308 1534 2345 ad
1556 2308 1742 2346 deleaum
1766 2314 1909 2349 eorum*

299 2372 394 2408 quae
414 2360 553 2410 praesto
580 2360 685 2398 sunt:
724 2361 786 2398 ista
805 2363 960 2399 madiam
983 2361 1125 2400 felicius
1150 2363 1314 2413 disjungi
1335 2363 1629 2401 consentaneum
1657 2363 1716 2401 est.
1773 2367 1905 2418 Quare

299 2417 337 2452 ὅ(
359 2414 639 2453 ministrationis
659 2416 817 2453 eandem
840 2416 1078 2466 partitionem
1098 2417 1288 2465 faciemus,
1319 2428 1358 2455 ut
1380 2428 1443 2455 aut
1458 2419 1553 2469 parti
1575 2420 1914 2470 contemplativae‚·

299 2479 362 2507 aut
391 2470 524 2508 afflvae
554 2469 791 2509 ministretur.
847 2472 978 2520 Atque
1009 2472 1112 2520 quod
1143 2473 1187 2509 ad
1215 2483 1359 2522 partem
1390 2474 1722 2522 contemplativam
1753 2477 1918 2524 attiners*

297 2534 341 2561 ut
370 2526 485 2565 verbo
512 2524 688 2573 dicamus,
729 2528 770 2564 in
798 2539 878 2564 uno
896 2529 1006 2579 plane
1038 2526 1122 2564 sunt
1151 2530 1293 2564 omnia.
1348 2529 1434 2566 Hoc
1461 2528 1582 2578 ipsum
1604 2541 1683 2565 non
1711 2530 1809 2566 aliud
1839 2531 1899 2579 est,

299 2590 414 2627 quam
429 2590 470 2616 ut
485 2592 616 2618 verum
631 2580 873 2619 constituatur
888 2583 1046 2627 axioma,
1065 2579 1137 2619 five
1160 2582 1260 2619 idem
1276 2585 1514 2634 copulatums
1543 2583 1632 2620 haec
1652 2586 1754 2620 enim
1776 2585 1824 2621 est
1843 2598 1906 2624 ve-

303 2634 421 2670 ritatis
436 2633 562 2684 portio
583 2635 713 2683 solida,
741 2648 830 2674 cum
849 2635 1001 2689 simplex
1021 2638 1133 2674 notio
1149 2635 1257 2674 instar
1278 2636 1483 2689 superficiei
1497 2638 1615 2676 videri
1635 2635 1757 2687 possit.
1813 2641 1900 2678 Hoc

302 2698 430 2725 autem
446 2687 590 2725 axioma
613 2702 695 2727 non
716 2692 863 2729 elicitur
886 2702 948 2730 aut
964 2691 1196 2739 efformatur,
1233 2691 1300 2729 nisi
1320 2705 1386 2744 per
1412 2692 1639 2731 indua-ionis
1665 2693 1826 2730 formam
1851 2697 1900 2733 le—

301 2742 473 2792 gitimam
494 2745 531 2780 ὃ(
550 2747 763 2793 propriam3
793 2758 885 2795 quae
908 2748 1175 2796 experientiam
1189 2745 1307 2785 solvat
1328 2750 1364 2785 ὅ(
1385 2747 1535 2798 separet,
1565 2757 1674 2795 atque
1694 2759 1759 2797 per
1782 2752 1902 2788 exclu-

302 2796 422 2834 siones
443 2800 479 2835 ὅ(
504 2798 720 2843 rejectiones
740 2801 882 2839 debitas
896 2802 1096 2839 necessario
1125 2803 1336 2840 concludat.
1394 2803 1566 2853 Vulgaris
1585 2813 1710 2839 autem
1731 2804 1902 2843 induffio

303 2851 342 2901 (a
366 2864 438 2901 qua
452 2862 579 2890 tamen
598 2853 868 2903 principiorum
891 2856 1058 2908 ipsorum
1081 2857 1324 2906 probationes
1345 2858 1536 2909 petuntur)
1561 2858 1702 2906 puerile
1723 2860 1901 2906 quiddam
1929 2868 1932 2869 ’

302 2907 363 2953 est,
393 2909 430 2945 ὅ(
445 2907 612 2957 precario
625 2910 831 2957 concludit,
858 2912 1028 2960 periculo
1043 2912 1090 2948 ab
1108 2910 1277 2950 instantia
1293 2912 1580 2949 contradietoria
1597 2911 1754 2960 exposita
1768 2928 1776 2950 z
1807 2915 1909 2952 adeo·

305 2972 346 2998 ut
367 2962 548 2999 dialeffiei
573 2961 620 2998 dc
640 2974 682 2999 ca
704 2975 774 2999 nec
795 2964 892 3002 serio
913 2966 1087 3015 cogitafle
1110 2968 1318 3014 videantur,
1355 2966 1576 3004 fastidientes
1596 2968 1633 3003 δε
1656 2967 1698 3003 ad
1725 2970 1793 3004 alia
1817 2981 1902 3019 pro—

302 3027 485 3066 perantes.
541 3016 639 3054 Illud
663 3018 818 3055 interim
837 3019 1074 3058 manifestum
1095 3022 1156 3069 est,
1184 3034 1280 3070 quae
1301 3034 1365 3071 per
1380 3022 1640 3058 induetionem
1661 3023 1818 3065 cuiusvis
1840 3037 1901 3073 ge·

301 3069 398 3109 neris
417 3071 710 3120 concluduntur,
738 3070 845 3111 simul
865 3075 1080 3115 &inveniri
1104 3078 1140 3113 ὃ(
1154 3076 1319 3123 judicari,
1348 3087 1418 3114 nce
1437 3088 1456 3112 a
1475 3077 1666 3127 principiis
1685 3088 1747 3114 ant
1769 3080 1904 3115 mediis>

1734 3144 1756 3180 p
1764 3134 1899 3171 tardere
