1973 3570
183 262 925 327 INSTAURAJTIONIS
962 258 1313 314 MAGNAE
1350 269 1543 316 PARS
1587 273 1638 318 κ’.

88 372 156 423 qui
191 367 283 418 iusta
317 369 551 408 excusatione
585 379 647 406 aut
677 370 816 406 virium
847 378 909 406 aut
939 368 1233 420 occupationum
1259 371 1443 419 retardati,
1458 378 1673 426 contempla

89 426 212 465 tiones
227 424 305 464 suas
320 427 575 462 intra-veteres
591 423 831 460 scientiarum
855 425 979 472 plagas
1009 426 1046 460 &
1068 424 1287 476 provincias,
1313 436 1376 464 aut
1406 428 1536 466 ialtem
1560 444 1685 469 earum

89 481 254 532 confinia
268 482 520 526 contermina,
552 477 668 516 sistere
683 479 839 518 volema
873 479 1003 515 eadem
1027 479 1084 525 iis,
1107 481 1315 528 quiveram
1336 491 1486 521 naturae
1511 487 1686 535 interpret

89 535 274 575 tationem
295 536 501 573 secundum
522 534 658 571 indicia
674 530 801 570 nostra
822 533 1011 579 accedent,
1036 545 1194 582 eamque
1210 537 1433 585 molientur,
1462 540 1552 577 loco
1576 541 1676 577 diver

90 590 297 630 ticulorum
313 601 375 628 aut
390 589 718 627 tabernaculorum
739 590 780 625 in
814 589 871 625 via
886 587 1142 639 praebitorum
1164 590 1209 626 ad
1236 589 1411 629 solatium
1441 596 1477 631 ὅ(
1506 595 1691 632 levamen-

89 657 172 686 tum
188 645 258 684 effe
278 656 430 694 queant,
449 655 561 692 atque
590 644 746 695 interim
760 643 943 680 humanas
960 642 1129 680 fortunas
1159 646 1282 694 aliqua
1301 657 1344 683 cx
1364 658 1467 698 parte
1488 650 1624 697 juvare,
1653 653 1687 687 ἃ

75 693 236 748 'mentes
248 700 556 749 cogitationibus,
578 710 672 747 quae
702 699 814 747 paulo
835 696 1036 735 arctiorem
1049 701 1321 749 cognationem
1343 701 1503 741 habeant
1520 717 1609 741 cum
1629 717 1689 742 na-

90 766 186 803 tura,
208 754 443 806 perfundere.
501 754 544 791 Id
562 765 654 791 vero
672 766 716 791 ex
738 752 914 791 facultate
933 754 1058 802 aliqua
1076 753 1211 802 nostra,
1227 765 1290 792 aut
1315 757 1394 802 ejus
1421 757 1565 806 fiducia,
1581 761 1689 797 mini-

91 823 158 850 me
171 809 400 848 ominamur.
457 810 604 848 Verum
618 807 731 846 nobis
745 807 902 846 dubium
925 820 1007 846 non
1023 808 1083 855 est,
1112 807 1138 846 fi
1153 812 1235 860 quis
1250 810 1452 850 mediocris
1474 814 1562 851 licet
1591 816 1694 865 inge-

90 864 156 914 nii,
174 864 235 903 sed
250 875 379 902 tamen
398 863 513 901 animi
537 873 718 910 matium,
744 863 847 901 idola
861 866 1000 901 mentis
1016 864 1099 901 suae
1121 865 1326 916 deponere,
1356 878 1468 917 atque
1488 868 1694 921 inquisitio-

90 932 182 961 nem
196 919 244 957 de
261 920 414 968 integro
427 916 493 956 fibi
514 919 726 966 decernere,
750 929 861 967 atque
881 921 978 956 inter
993 931 1079 956 vera
1094 918 1263 958 historiae
1282 922 1459 961 naturalis
1479 935 1590 972 atque
1618 927 1697 972 ejus

90 976 254 1014 calculos
275 984 418 1011 attente
444 976 482 1012 ὃς
504 973 702 1023 diligenter
729 975 766 1011 δί
783 974 901 1011 libere
915 974 1049 1012 versari
1068 973 1156 1012 velit
1177 977 1214 1012 ὅ(
1229 972 1369 1026 poffit3
1411 980 1505 1028 quin
1528 980 1593 1017 ille
1619 975 1695 1032 ipse

90 1029 259 1081 quisquis
273 1027 329 1077 fit,
341 1030 459 1078 longe
487 1029 596 1068 altius
621 1028 661 1066 in
690 1037 863 1066 naturam
882 1040 1140 1079 penetraturus
1163 1028 1205 1067 sit
1231 1044 1275 1069 ex
1302 1031 1390 1081 sese,
1415 1036 1453 1071 &
1471 1036 1633 1085 propriis
1654 1038 1694 1075 &

91 1086 267 1136 genuinis
295 1086 434 1122 mentis
448 1084 601 1131 viribus,
629 1083 791 1132 denique
819 1096 862 1120 ex
890 1086 1003 1121 meris
1026 1086 1358 1136 anticipationibus
1377 1088 1460 1136 suis,
1490 1102 1605 1138 quam
1627 1102 1694 1141 per

95 1140 343 1191 omnigenam
367 1139 571 1178 authorum
598 1140 815 1185 lectionem,
844 1149 907 1176 aut
931 1139 1225 1177 meditationem
1252 1140 1466 1180 abstractam
1493 1143 1694 1193 infinitam,

92 1206 157 1236 aut
178 1195 448 1244 disputationes
467 1190 624 1231 assiduas
650 1195 687 1231 ὅ(
717 1195 912 1243 repetita53
954 1192 1018 1231 etsi
1053 1194 1244 1232 machinas
1272 1208 1355 1233 non
1388 1198 1598 1237 admoverit
1622 1212 1694 1238 nec

92 1249 366 1300 interpretandi
390 1249 558 1285 somnam
582 1248 727 1285 secutus
745 1249 869 1285 fuerit.
925 1249 1049 1300 Quare
1079 1251 1116 1286 ὃς
1143 1248 1261 1287 limile
1278 1250 1468 1303 quippiam
1496 1252 1607 1291 nobis
1630 1254 1698 1293 usu

93 1307 224 1345 venire
238 1303 339 1354 poffe
353 1315 435 1340 non
450 1299 655 1340 diffidimus
666 1321 681 1345 ,-
702 1302 915 1352 praesertim
927 1316 1016 1341 cum
1027 1304 1174 1341 accedat
1189 1305 1457 1354 interpretandi
1467 1311 1698 1358 experimen-

92 1373 177 1409 tum
192 1362 228 1408 ὃς
244 1357 471 1406 exercitatio,
487 1370 602 1407 quam
616 1357 737 1408 ipsum
752 1357 927 1395 habitum
942 1360 1081 1396 mentis
1095 1358 1282 1409 corrigere
1297 1362 1334 1397 δε
1344 1372 1489 1399 mutare
1503 1364 1698 1413 probabile

92 1414 166 1455 ests
204 1413 348 1463 'Neque
362 1423 491 1450 tamen
510 1414 600 1451 haec
615 1415 655 1450 in
670 1424 753 1450 earn
768 1423 914 1463 partem
929 1415 1046 1464 accipi
1060 1414 1250 1462 volumus,
1282 1413 1310 1452 fi
1323 1415 1451 1464 fidem,
1473 1410 1588 1469 quam
1603 1421 1698 1458 antin

93 1468 259 1522 quorum
272 1469 414 1519 placitis
429 1467 707 1518 denegavimu8‚
722 1468 854 1506 nostris
872 1467 1035 1506 adhiberi
1049 1468 1287 1518 postulemus,
1332 1473 1439 1522 Quin
1453 1483 1588 1511 contra
1596 1473 1698 1511 testa-

94 1538 183 1565 mur
197 1527 235 1563 ὅ(
248 1523 480 1575 profitemur,
495 1535 566 1561 nos
581 1523 678 1573 ipsos
686 1522 770 1571 istis,
785 1534 881 1571 quae
894 1523 969 1569 jam
983 1535 1253 1575 proponemus,
1269 1528 1543 1576 qualiacunque
1557 1540 1600 1566 ea
1613 1526 1698 1577 fiat,

94 1579 216 1633 teneri
230 1580 391 1619 minime
406 1578 514 1625 velle,
544 1588 586 1615 ut
606 1579 739 1615 omnia
771 1577 1028 1630 philosophiae
1055 1578 1198 1616 nostrae
1217 1579 1397 1619 secundae
1417 1584 1454 1619 ὃ(
1486 1582 1697 1622 inductivae

95 1629 276 1685 tanquam
295 1631 440 1684 integra
458 1631 659 1671 serventur.
717 1633 894 1683 Cogitata
908 1644 1034 1671 autem
1049 1632 1122 1685 ipsa
1137 1633 1316 1684 spargere,
1344 1648 1427 1675 non
1442 1636 1628 1675 methodo
1641 1631 1703 1676 τό

94 1687 237 1742 uincire
252 1687 371 1727 visum
387 1688 445 1726 est.
502 1689 602 1726 Haec
617 1689 722 1725 enim
737 1687 861 1725 forma
875 1687 1163 1739 pubescentibus
1180 1699 1360 1737 tanquam
1386 1705 1407 1729 a
1420 1692 1528 1742 stirpe
1541 1693 1589 1730 de
1603 1691 1698 1740 inte·-¹

95 1757 168 1797 gro
181 1743 342 1784 scientiis
356 1744 535 1784 <lebetum
563 1754 674 1792 atquc
690 1744 767 1789 ejus
786 1743 848 1790 est,
871 1745 937 1792 qui
952 1755 1033 1780 non
1048 1754 1168 1781 artem
1186 1743 1409 1784 constituere
1437 1759 1480 1785 ex
1500 1748 1696 1799 connexis,

97 1799 161 1841 sed
170 1796 459 1855 inquisitionem
477 1794 633 1837 liberam
648 1796 833 1837 instituere
849 1799 889 1836 in
905 1796 1067 1849 finguus,
1082 1800 1124 1837 in
1135 1796 1338 1851 praesentia
1351 1795 1500 1842 tantum
1515 1802 1620 1852 velitt

158 2924 233 2964 ‘Vo
241 2937 280 2967 ι.
307 2929 353 2967 II.
885 2926 926 2971 X
939 2927 962 2973 κ’
1507 2920 1711 2979 francisci

1771 277 1875 336 :442
