1973 3570
583 183 1213 240 EPISTOLAE·

91 297 232 343 petent,
261 280 547 337 impressionem
564 284 751 323 librorum
767 279 998 321 illustrissimi
1019 283 1159 331 herois,
1184 281 1246 322 cui
1261 279 1358 323 olim
1373 280 1569 337 inservisse,
1604 296 1717 342 atque

93 343 303 382 etiamnum
327 340 518 388 inservire,
546 338 783 392 praecipuum
808 337 903 376 mihi
939 339 1051 377 duco.
1107 339 1172 378 Ne
1204 351 1279 388 qua
1308 340 1467 391 suspicio
1494 343 1579 381 fidei
1607 358 1712 386 moee

96 398 305 436 suboriatur
319 413 334 440 ς
363 393 659 446 quamprimum
686 394 939 431 commodum
969 395 1054 441 erit,
1082 393 1283 444 praestabo.
1341 396 1483 446 Cupio,
1503 400 1708 443 amicitiam

95 450 324 491 &notitiam
347 451 445 489 hanc
467 451 567 488 inter
592 461 663 487 nos
677 448 826 496 init-am,
852 459 1071 499 perpetuam
1093 449 1202 487 fore:
1231 462 1273 486 ac
1302 450 1430 498 literis,
1458 451 1627 497 ejusdem
1640 456 1709 494 tes-

75 523 77 527 ·
94 508 179 545 seris
193 509 231 545 ὅ(
252 504 447 544 fotricibus
474 502 513 552 (fi
527 505 630 553 velis)
662 502 817 543 subinde
831 503 1081 551 reflorescere,
1110 514 1149 542 te
1163 505 1222 543 vel
1238 501 1406 555 ‘Parisiis
1420 517 1551 556 agente
1561 525 1577 550 ‚-
1606 520 1706 558 quas,

92 560 120 600 fi
141 572 310 614 unquam
325 559 416 599 mihi
431 560 587 598 felicitas
601 569 704 596 tanta
716 558 936 608 contingere
951 555 1078 609 posfit,
1105 560 1163 596 tui
1185 560 1303 608 gratia
1327 561 1442 598 etiam
1458 561 1611 601 invisere
1634 564 1707 616 spe-

94 617 197 655 rabo.
254 618 342 655 Neu
366 615 491 653 credas
519 627 582 652 me
609 613 729 652 verbis
753 623 903 651 tantum
933 614 1172 666 opulentum,
1202 614 1305 651 factis
1328 616 1506 667 inopem3
1535 619 1628 666 quin
1642 631 1707 668 po-

93 673 167 710 tius
182 670 333 721 negotia
348 666 602 708 molestissima
615 669 785 717 obfuisse,
814 668 908 706 dum
924 670 964 706 in
986 669 1079 706 urbe
1102 668 1272 719 praesens
1289 668 1445 708 fueram.
1499 673 1708 721 Reliquum

93 728 176 775 erit,
202 736 245 764 ut
260 737 297 764 te
314 724 421 765 unice
433 727 532 763 colat
550 726 586 762 δε
603 724 785 771 redamet,
814 726 851 761 ὃς
866 724 937 761 tibi
952 724 1097 776 semper
1113 726 1259 776 optima
1273 736 1457 777 precetur,

564 828 840 884 Generosiffime
859 830 1048 881 Domine,

308 924 589 965 ‘Dominatiom'
603 933 694 966 tuae
695 924 845 979 servus
857 924 1134 977 addic‘Jiffi'mus
1150 926 1198 973 ὠ
1211 929 1359 968 amicus
1362 936 1588 983 perpetuus,

1775 207 1882 262 407

90 1033 199 1067 Martii
213 1044 244 1076 9.
275 1033 366 1077 1632.

1315 1081 1458 1128 Gon„
1478 1082 1694 1138 RAwLEn

93 1233 203 1301 IX.
244 1234 558 1294 Reverendo
601 1235 719 1293 viro
746 1234 960 1292 domino
981 1234 1276 1295 Gulielmo
1305 1235 1563 1317 Rawley,
1592 1242 1697 1315 stt·-

176 1340 304 1378 crae
318 1317 625 1401 Theologiae
640 1321 895 1395 DobJori,
942 1316 1022 1388 &³
1037 1322 1244 1403 Regiae
1265 1320 1576 1402 Maskstatis
1594 1326 1703 1382 Caa:

169 1402 411 1486 pellam,
458 1405 630 1463 ammo
654 1404 1005 1483 colendiffi'mO.

147 1546 380 1591 Reverende
391 1547 478 1598 Vir,
506 1545 555 1593 ὠν
569 1547 784 1600 amiciffime
794 1547 985 1598 Domine,

190 1623 380 1668 AUCIS
407 1623 543 1661 abhinc
568 1623 700 1661 diebus
715 1623 881 1662 redditae
904 1622 988 1660 sunt
1004 1622 1100 1661 mihi
1113 1620 1338 1674 gratiffimae
1353 1626 1390 1663 ὅ(
1405 1621 1699 1675 exopmtiffimae

94 1624 185 1735 P
210 1691 298 1718 tuae
323 1678 460 1726 literae,
499 1677 642 1727 quibus,
681 1690 750 1728 pro
778 1677 913 1717 solatio
941 1675 1169 1716 suavissimae
1197 1689 1283 1717 tuae
1313 1680 1596 1719 consuetudinis
1629 1692 1698 1731 pet·

95 1734 343 1787 improvisum
371 1743 481 1771 tuum
515 1746 558 1771 ex
586 1735 679 1771 urbe
707 1732 900 1771 discessum
936 1734 1031 1771 mihi
1058 1745 1217 1784 ereptae,
1258 1747 1398 1773 novam
1431 1735 1550 1772 aretae
1591 1737 1628 1773 δε
1655 1738 1698 1774 in

95 1801 312 1845 perpetuam
340 1789 535 1827 duraturae
560 1787 744 1825 amicitiae
767 1798 853 1826 tuae
880 1788 1055 1826 fiduciam
1087 1789 1181 1827 mibi
1207 1789 1376 1839 spondes.
1432 1792 1518 1828 Hoc
1540 1802 1701 1828 munere

96 1845 218 1898 (quod
233 1844 389 1894 quidem
403 1843 511 1880 omni
536 1845 659 1880 mutui
688 1843 825 1881 amoris
848 1846 885 1881 δε
912 1843 1164 1881 observantiae
1182 1841 1311 1882 officio
1338 1857 1408 1895 pro
1425 1845 1563 1884 viribus
1574 1845 1699 1884 deme-

96 1903 171 1939 reri
188 1900 318 1938 sedulo
332 1898 507 1947 satagam)
534 1899 594 1936 vix
608 1899 811 1949 quicquam
837 1901 963 1948 potuit
987 1899 1082 1937 mihi
1105 1901 1302 1949 obtingere
1316 1902 1486 1941 chariuss
1515 1900 1611 1937 adeo
1635 1910 1700 1938 tua

99 1957 216 1994 virtus
238 1957 276 1992 &
297 1949 525 1991 illustrissimi
546 1952 668 1991 herois
686 1953 802 1991 nostri
838 1954 959 2004 (cujus
980 1950 1128 1992 afflatus
1144 1953 1291 1992 divinos
1315 1957 1357 1992 in
1387 1953 1467 1992 sinu
1492 1954 1610 2003 foves)
1643 1967 1701 1993 ae—

97 2022 254 2050 ternum
280 2008 439 2047 colenda
465 2009 665 2056 memoria,
705 2008 803 2046 mihi
829 2008 869 2046 in
903 2010 1027 2059 pretio
1050 2009 1109 2046 cst.
1166 2011 1387 2060 Promptam
1428 2011 1505 2056 ejus
1537 2021 1701 2059 operum

98 2065 321 2111 editionem,
349 2075 462 2115 quam
482 2064 682 2113 polliceris,
710 2073 790 2100 tam
805 2064 910 2101 avide
920 2065 1084 2115 expecto,
1113 2071 1154 2102 ut
1170 2064 1230 2116 spe
1257 2076 1340 2102 eam
1368 2067 1444 2111 jam
1466 2074 1588 2102 totam
1602 2076 1700 2116 pene

101 2119 365 2166 contriverim:
393 2130 442 2155 ne
462 2129 598 2171 patere,
628 2118 779 2167 quaeso,
807 2118 943 2170 quovis
957 2119 1053 2166 casu,
1081 2121 1196 2157 ullam
1211 2119 1296 2157 huic
1313 2118 1496 2158 desiderio
1513 2130 1604 2156 meo
1617 2130 1701 2156 mo-

101 2189 182 2214 ram
208 2174 332 2221 injici:
360 2185 449 2211 cum
477 2175 591 2211 etiam
616 2172 735 2223 (quod
758 2176 796 2212 &
822 2173 1004 2224 agnoscis)
1034 2176 1164 2212 multis
1188 2173 1419 2222 nominibus,
1448 2175 1611 2212 maxime
1636 2182 1702 2211 tua

101 2228 256 2281 interfit,
285 2241 370 2267 cam
388 2227 654 2280 quantocitius
675 2230 904 2278 promoveri.
961 2229 1099 2266 Parum
1123 2228 1278 2266 feliciter
1305 2229 1401 2266 mihi
1423 2224 1529 2266 ceffit
1551 2239 1701 2276 votum,

100 2298 174 2337 pro
186 2282 350 2324 versione
374 2285 461 2321 libri
481 2284 836 2333 experimentorum,
866 2293 909 2321 ut
928 2284 1106 2334 percipies
1123 2296 1166 2321 ex
1191 2285 1270 2330 ejus
1295 2283 1506 2334 specimine,
1535 2283 1640 2332 quod
1654 2283 1702 2320 ad

103 2352 142 2379 te
156 2338 290 2377 mitto:
318 2350 360 2377 ea
377 2349 530 2390 propter
543 2339 666 2385 illum,
693 2336 808 2387 quiid
828 2337 964 2375 laboris
988 2337 1108 2376 fuerat
1126 2338 1320 2388 aggressus,
1348 2337 1487 2387 rogavi,
1512 2348 1555 2375 ut
1576 2339 1623 2375 ab
1652 2350 1704 2376 eo

102 2393 297 2442 desisteret,
337 2394 442 2439 cujus
472 2393 511 2431 id
539 2393 662 2431 solum
697 2393 801 2444 quod
826 2391 966 2430 videbis
996 2392 1118 2442 paucis
1151 2392 1251 2430 foliis
1284 2404 1487 2440 exaratum,
1527 2393 1704 2430 haestenus

104 2448 290 2503 praestitit,
317 2461 406 2486 cum
420 2459 507 2487 ante
520 2449 615 2487 duos
634 2459 755 2486 annos
781 2447 1051 2498 perficiendum
1077 2447 1291 2500 suscepiffet.
1347 2449 1407 2485 De
1428 2458 1601 2499 tempore
1628 2447 1705 2485 mei

106 2507 150 2548 in
175 2502 348 2544 Galliam
371 2503 521 2551 reditus,
550 2503 726 2541 nondum
747 2501 875 2541 statui:
904 2504 980 2547 ejus
998 2512 1048 2549 te,
1076 2514 1162 2540 ante
1185 2502 1392 2549 discessum,
1419 2502 1551 2540 faciam
1569 2503 1704 2540 certio-

107 2572 202 2607 rem,
237 2561 276 2598 &
299 2559 368 2597 tibi
392 2552 538 2597 futurae
565 2558 710 2602 nostrae
730 2569 797 2609 per
825 2555 946 2595 literas
981 2556 1336 2596 communicationis
1360 2557 1617 2595 internuncios
1648 2559 1706 2595 in·-

109 2615 256 2654 dicabo.
311 2613 418 2654 Vale.

650 2707 914 2750 Reverentiae
928 2717 1019 2750 tuae
1031 2706 1541 2764 observantffmusfi’rvus,

113 2781 258 2822 Londini,
280 2781 393 2823 Aprilis
407 2790 437 2819 4,
466 2779 554 2823 1633.

1222 2882 1410 2929 AEmus
1435 2882 1714 2929 Deonmm

1511 3045 1561 3084 Xs
1589 3043 1712 3084 Reve-
