1973 3570
714 172 1237 222 INDEX.

121 284 251 318 Atomus
265 280 443 328 dupliciter
472 277 623 318 sumitur,
652 288 732 312 222.
785 277 844 310 An
862 274 945 308 dan-

170 343 222 367 tur
238 331 347 370 atomi,
866 321 946 357 ibid.

121 381 249 415 Alomus
268 390 308 412 an
328 377 364 410 sit
381 375 532 417 visibilis,
877 381 944 405 222

121 428 252 464 Atriola
271 425 400 465 mortis,
772 433 850 468 174,
882 430 946 466 177

121 476 283 521 Atrophia
303 474 426 514 senilis,
882 479 946 515 ¹77

122 526 310 562 Attenuatio
326 522 490 562 humoris,
881 530 893 552 1
904 529 949 552 20

869 567 947 607 166,

884 617 949 661 167

121 672 207 707 Aves
244 669 418 717 aquaticae
447 667 626 703 volitantes
661 668 697 702 &
732 667 882 702 ludentes
915 666 947 699 in

169 720 256 755 sicco
273 717 486 765 tempestates
505 717 755 763 praenunciant,
777 716 832 750 62.
863 716 949 749 Ter-

168 768 284 804 restres
318 779 439 813 aquam
484 776 630 811 petentes
666 765 755 799 idem
786 764 948 805 indicant,

167 817 243 852 ibid.
272 816 344 851 Ubi
360 815 400 849 de
429 814 652 860 prognosticis
670 814 778 861 plura.
829 814 951 847 Avium

169 864 353 912 generatio,
378 863 468 898 vitae
485 862 614 897 duratio
633 864 669 896 δε
687 863 836 904 historia,
870 873 949 906 123,

176 926 254 955 124,
278 925 354 958 125.
382 912 553 946 Plurimae
576 912 851 959 quadrupsdibus
879 912 951 946 lon·

170 961 357 1010 gaeviores‚
390 973 465 1006 125.
517 961 695 1008 Capitibus
736 961 856 996 avulsis
893 973 952 994 cur

171 1011 360 1052 subsultent,
886 1011 949 1043 182

124 1060 257 1108 Augusti
270 1059 417 1094 Caesaris
431 1058 577 1093 miseriae
592 1071 610 1093 a
622 1058 737 1094 Plinio
755 1057 951 1106 descriptae,

176 1121 253 1156 370.
305 1109 375 1143 Cur
391 1107 485 1154 signo
502 1108 662 1155 Sphingis
686 1108 756 1143 usus
784 1107 844 1150 est,
875 1109 952 1153 381.

172 1158 384 1205 Magnitudo
418 1155 522 1192 animi
563 1157 591 1192 ei
632 1157 738 1192 inerat
771 1156 952 1198 inturbida,

172 1209 252 1253 388.
305 1207 446 1241 Viribus
477 1205 579 1240 animi
615 1206 853 1252 imparJulio,
882 1206 955 1252 pul-

172 1255 359 1291 chritudine
402 1255 439 1290 δε
481 1255 619 1290 sanitate
661 1255 823 1302 superior,
874 1255 953 1290 ibid.

172 1305 348 1340 Placidam
369 1314 514 1339 mortem
533 1304 566 1338 in
584 1305 673 1339 votis
692 1304 820 1346 habuit,
886 1315 951 1350 392

126 1355 281 1402 Augustus
309 1353 417 1389 vitam
449 1352 596 1388 fabulam
627 1354 692 1388 esse
722 1353 844 1394 voluit,
878 1365 953 1397 131.

176 1404 319 1439 Annum
358 1400 638 1449 septuagesimum
670 1402 798 1437 sextum
832 1402 957 1448 imple-

174 1453 240 1493 vit,
889 1461 952 1495 132

127 1501 238 1537 Aulia·
270 1498 442 1546 cujusdam
469 1498 512 1533 ad
532 1498 768 1534 Elizabetham
799 1498 954 1546 reginam

177 1549 309 1597 petitio,
888 1560 956 1595 395

126 1600 221 1636 Aura
235 1596 395 1633 continua
412 1597 500 1631 circa
519 1595 624 1632 maria
642 1596 758 1644 spirat,
908 1610 954 1640 42

128 1648 233 1684 Aures
262 1645 512 1693 carti'agineae,
554 1658 622 1681 non
656 1645 825 1689 carnosae,
867 1648 957 1694 opti-

177 1709 266 1737 mae,
892 1708 957 1743 139

130 1746 218 1781 Auri
242 1746 279 1780 &
308 1756 525 1791 gemmarum
555 1743 696 1780 fabellae
724 1744 757 1779 in
791 1744 959 1781 medicina

177 1793 375 1842 culpabiles,
407 1803 486 1836 142,
518 1792 595 1829 168.
649 1793 878 1829 Extinffioin
900 1808 959 1841 po-

177 1855 262 1885 tum,
287 1843 365 1880 162.
391 1842 480 1877 Usus
497 1842 606 1889 qualis
624 1843 847 1892 improbatur,
880 1857 957 1891 159-

178 1892 263 1927 Usus
287 1892 320 1927 in
337 1891 551 1927 cordialibus.
891 1895 957 1939 165

132 1941 220 1976 Auro
237 1941 437 1989 quandoque
467 1940 631 1988 reperitur
661 1941 694 1976 in
719 1942 840 1984 fluviis,
867 1944 960 1990 quod

179 2002 294 2026 notatu
312 1990 469 2037 dignum,
499 2000 554 2035 71.
606 1990 863 2026 Transmutatio
891 2005 961 2029 me-

177 2040 335 2075 tallorum
364 2040 397 2074 in
425 2050 537 2073 aarum
571 2051 637 2086 pro
666 2040 809 2087 suspecta
835 2042 959 2077 haben-

176 2089 232 2130 da,
276 2099 331 2134 72.
388 2088 477 2123 Auro
510 2088 593 2123 nihil
629 2090 856 2136 ponderosius,
902 2102 959 2137 73.

177 2138 234 2172 An
263 2137 335 2172 fieri
366 2138 463 2184 poffit
481 2137 646 2184 potabile,
675 2140 730 2180 84.
783 2140 853 2174 Pro
882 2152 957 2175 cor-

180 2187 275 2226 diali,
317 2198 392 2229 14¹·
443 2186 483 2221 In
523 2187 646 2233 quibus
674 2187 819 2235 praestat
845 2201 960 2225 aurum

178 2246 330 2282 argento,
890 2250 960 2283 204

133 2285 255 2320 Aurum
273 2285 464 2331 rubiginem
484 2297 550 2319 non
569 2285 707 2332 patitur,
738 2297 751 2320 1
764 2298 816 2330 14.
870 2288 956 2323 Nul-

180 2334 213 2367 lo
233 2335 307 2381 igne
336 2332 509 2375 minuitur,
543 2346 616 2380 117.
670 2335 818 2382 Triplici
848 2336 960 2372 forma

180 2382 365 2424 exhibetur,
399 2394 474 2424 14¹·
526 2383 650 2418 Aur-um
663 2395 817 2431 apertum
837 2386 959 2434 absque

180 2431 365 2472 corrosivis,
407 2433 458 2465 vel
483 2431 596 2468 saltem
625 2434 749 2480 absque
776 2437 960 2476 venenatis,

178 2480 329 2515 cordiale
347 2491 411 2513 non
430 2481 578 2527 vulgare,
881 2485 958 2521 ibid.

136 2529 247 2572 Auster
271 2528 375 2563 noetis
402 2529 529 2571 assecla,
560 2543 617 2576 34.
666 2531 841 2568 Pluviosus
867 2535 958 2582 apud

177 2591 237 2614 nos
266 2579 303 2612 δε
331 2576 497 2624 pestilens,
537 2591 594 2624 35,
636 2581 694 2626 36,
734 2593 792 2627 37,
848 2585 900 2618 Au
928 2585 960 2618 η’

179 2627 354 2674 qualitates
371 2625 407 2659 &
425 2626 609 2672 potestates,
638 2631 694 2676 36.
742 2632 898 2667 Humilis
922 2634 959 2667 &

179 2673 337 2717 lateralis,
355 2674 432 2709 ibid.
459 2675 595 2713 Africae
614 2679 757 2721 screnus,
773 2681 848 2717 ibid.
876 2682 957 2718 Non

182 2734 318 2771 generat
336 2734 489 2775 vapores,
515 2725 592 2762 ibid.
640 2729 754 2772 Auster
784 2731 820 2765 &
838 2731 959 2767 Boreas

183 2773 382 2821 frequentius
408 2771 535 2819 lpirant
562 2786 661 2820 quam
690 2778 801 2813 Eurus
828 2782 864 2815 δε
891 2781 957 2815 Ze-

180 2823 317 2876 phyrus,
333 2821 410 2856 ibid.
444 2821 686 2860 Saluberrimus
702 2829 860 2871 marinus,
879 2829 957 2866 ibid.

179 2872 213 2906 A
232 2870 413 2906 continenti
431 2872 539 2918 magis
556 2874 743 2917 morbidus,
756 2877 834 2913 ibid.
889 2878 957 2913 Le-

181 2921 257 2955 nior
275 2933 342 2955 non
371 2919 558 2956 admodum
586 2922 682 2970 cogit
708 2926 833 2966 nubes3
860 2939 957 2962 com-

180 2970 320 3011 motior,
344 2982 363 3003 e
391 2979 518 3012 contra,
536 2970 615 3007 ibid.
668 2971 756 3007 Cum
773 2976 878 3010 oritur
901 2987 959 3013 aut

182 3018 318 3060 desistit,
364 3018 447 3052 fiunt
478 3021 677 3056 mutationes
706 3024 955 3067 tempestatum,

180 3066 259 3102 ibid.
311 3067 389 3102 Post
402 3066 534 3113 pruinas
547 3080 603 3104 aut
621 3070 716 3105 nives
734 3070 959 3109 diuturniores

183 3128 248 3150 non
267 3116 347 3151 alius
366 3116 434 3150 fere
451 3128 570 3153 ventus
581 3119 693 3167 spirat,
712 3119 791 3155 ibid.
843 3121 958 3157 Noetu

182 3164 377 3211 frequentius
407 3164 522 3210 spirat,
548 3168 624 3205 ibid.
674 3169 730 3205 Eo
755 3169 853 3207 flante
884 3183 957 3207 rna-

429 3225 443 3251 1

120 575 314 610 Attrafflva
332 570 483 611 facultas,
511 570 621 617 quoad
639 570 813 611 alimenta,

996 2482 1186 2527 ,Barbariae
1204 2481 1374 2517 montium
1395 2480 1493 2522 vitia,

1036 271 1129 317 jores
1162 269 1346 305 volvuntur
1385 268 1515 310 fluftus,
1550 281 1655 316 quam
1701 269 1834 310 Borea3

1047 321 1084 354 δε
1131 331 1222 353 mare
1256 318 1447 352 coeruleum
1483 317 1544 359 est,
1587 318 1665 354 ibid.
1718 319 1770 352 Au
1798 331 1833 354 er

1047 368 1246 416 plerumque
1280 367 1407 414 integer
1426 367 1463 400 Sc
1480 366 1657 409 solitarius,
1675 377 1730 413 37.
1760 368 1832 402 Mi-

1047 429 1137 451 nime
1180 416 1336 450 omnium
1389 415 1543 457 desiccat,
1599 419 1655 461 38.
1707 416 1832 463 Qoad

1049 465 1200 509 Austrum
1219 465 1407 499 &Boream
1428 465 1580 499 vertendi
1611 464 1696 513 poli,
1724 465 1759 498 ὅτ
1792 467 1831 500 si-

1051 515 1121 549 mul
1141 514 1405 553 observationes,
1788 528 1832 561 39

1001 563 1183 600 Autumnus
1199 563 1329 598 serenus
1347 563 1522 599 ventosam
1541 564 1702 611 hyemem
1735 577 1833 612 prae·

1051 612 1229 654 monstrat,
1788 614 1828 648 61

1399 660 1438 698 Β.

1085 759 1186 793 Acchi
1202 759 1386 805 generatio,
1415 758 1497 806 quid
1528 759 1591 795 hac
1621 759 1734 796 fabula
1763 756 1833 796 'vo-

1109 809 1238 842 luerunt
1257 818 1397 850 veteres,
1764 823 1833 857 372

1003 864 1110 891 Baton
1139 858 1332 904 [Rogerus]
1362 857 1525 900 laudatus,
1763 864 1829 894 261

1002 907 1124 943 Bateni
1142 906 1329 941 institutum
1359 907 1393 941 in
1419 907 1658 943 conscribenda
1688 908 1740 942 sua
1759 909 1835 945 hist.

1053 956 1135 991 Nat.
1160 967 1213 1001 17,
1246 958 1299 998 18,
1324 968 1379 1002 19,
1401 967 1456 990 20.
1509 956 1687 992 Monitum
1708 957 1776 1004 ejus
1793 954 1836 993 de

1050 1005 1105 1039 sua
1139 1005 1272 1039 historia
1301 1005 1443 1039 naturali
1486 1006 1522 1040 δε
1565 1006 1836 1052 experimentali,

1055 1065 1109 1089 21.
1162 1054 1369 1089 Adolescens
1416 1054 1480 1090 fuit
1518 1054 1664 1090 Pictavii
1709 1057 1837 1097 Gallia.

1059 1105 1136 1137 180.
1190 1103 1270 1150 Ejus
1287 1103 1414 1138 indoles
1429 1104 1602 1146 naturalis,
1623 1104 1702 1148 264.
1755 1105 1839 1153 Ejus

1053 1165 1158 1196 genus
1174 1153 1389 1194 &educ-atio,
1411 1153 1491 1198 265.
1543 1153 1636 1188 Bella
1663 1154 1778 1190 civilia
1801 1156 1838 1190 «Sc

1055 1202 1217 1236 fictu-um
1237 1202 1487 1248 malignitatem
1507 1203 1644 1245 metuit,
1659 1203 1738 1238 ibid.
1771 1204 1837 1239 Co-

1054 1251 1235 1297 gitationes
1280 1251 1321 1285 de
1367 1251 1639 1298 interpretatione
1684 1264 1834 1294 naturae,

1055 1300 1136 1340 266,
1157 1300 1193 1333 δε
1208 1299 1273 1346 seq.
1317 1300 1504 1346 Epistulae,
1617 1313 1705 1346 403,
1722 1301 1838 1349 &seq.

1004 1348 1127 1382 Bacula
1156 1349 1266 1394 lignea
1291 1349 1456 1383 cineribus
1483 1349 1542 1385 sub
1568 1350 1683 1384 calidis
1701 1351 1840 1386 fleffitan-

1053 1407 1105 1431 tur
1122 1398 1163 1431 ad
1182 1397 1375 1439 arbitrium,
1703 1401 1761 1444 84,
1789 1411 1833 1446 92

1005 1446 1221 1481 Balaenarum
1240 1446 1330 1480 vasta
1348 1446 1467 1489 moles,
1770 1461 1837 1495 125

1005 1495 1128 1529 Balnea
1151 1507 1192 1529 ex
1224 1495 1311 1530 laete
1345 1496 1547 1531 exhibentur
1581 1496 1615 1531 in
1651 1497 1837 1540 marasmis,

1051 1545 1117 1578 &c.
1143 1546 1218 1579 128.
1268 1543 1391 1579 Balnea
1409 1555 1584 1592 perpetua,
1771 1560 1834 1593 143

1005 1593 1140 1632 Balnea,
1175 1606 1254 1640 139,
1287 1605 1366 1638 155,
1405 1596 1484 1639 158,
1515 1605 1595 1641 171.
1627 1606 1705 1642 172.
1753 1598 1836 1633 San-

1054 1643 1265 1687 guinolenta‚
1311 1654 1388 1690 172.
1442 1645 1537 1678 sicca
1567 1644 1837 1692 supercalcfafta.

1055 1703 1201 1727 mortem
1234 1703 1428 1738 properant,
1477 1704 1553 1739 175.
1608 1694 1727 1730 Calida
1757 1708 1838 1731 cum

1055 1741 1298 1784 fricationibus,
1770 1757 1837 1791 179

1006 1790 1129 1826 Balnea
1148 1803 1223 1826 raro
1242 1791 1441 1838 usurpanda,
1769 1805 1836 1840 155

1005 1840 1128 1874 Balnea
1147 1841 1183 1874 δε
1201 1840 1388 1883 unctiones,
1770 1855 1782 1878 1
1798 1844 1838 1878 -6

1005 1889 1129 1924 Balnea
1153 1902 1236 1937 quae
1264 1889 1370 1931 utilia,
1404 1889 1482 1926 160.
1530 1890 1616 1925 Tres
1632 1890 1753 1927 debent
1781 1868 1837 1927 lia-

1056 1940 1134 1974 bere
1162 1939 1383 1987 proprietates
1414 1941 1456 1974 ad
1492 1940 1730 1976 malaciffiinda
1761 1953 1837 1976 cor-

1053 2001 1150 2035 pora,
1183 1999 1260 2035 171.
1314 1988 1370 2023 Ex
1398 1987 1558 2035 sanguine
1591 1989 1767 2025 infantium
1788 1991 1837 2026 sa-

1050 2050 1130 2074 nare
1160 2038 1292 2085 lepram
1324 2048 1496 2083 recePtum
1526 2037 1586 2080 est,
1618 2049 1695 2085 172.
1745 2041 1839 2090 Qa-

1054 2087 1200 2134 druplex
1219 2086 1374 2134 operatio
1391 2087 1548 2122 comitari
1567 2089 1677 2128 debet,
1759 2090 1838 2126 iozd.

1006 2137 1175 2172 Balneatio
1193 2137 1321 2184 pedum
1340 2136 1478 2171 cerebro
1496 2137 1594 2179 utilis,
1628 2139 1703 2174 106.
1756 2140 1839 2187 Qio

1054 2186 1161 2221 modo
1179 2185 1390 2227 instituenda,
1756 2188 1836 2224 ibid.

1005 2235 1251 2271 Balneationum
1268 2234 1494 2277 alimentum,
1771 2250 1783 2272 1
1794 2238 1838 2272 86

1004 2285 1223 2330 Balsamorum
1242 2284 1427 2319 medicinae
1443 2284 1643 2331 culpabiles,
1770 2299 1835 2330 142

1005 2335 1158 2370 Barbara
1195 2335 1230 2369 δε
1248 2333 1363 2368 civilia
1399 2343 1553 2378 tempora
1581 2346 1836 2383 comparantur,

1059 2386 1135 2430 138.
1189 2383 1227 2418 In
1247 2382 1414 2418 Barbaria
1439 2382 1571 2418 nobiles
1600 2396 1642 2419 ex
1677 2384 1734 2419 usu
1767 2398 1839 2420 am·

1054 2433 1132 2468 brae
1149 2432 1324 2480 longaevi,
1772 2445 1837 2480 147

1770 2495 1782 2517 1
1819 2497 1838 2523 ς

1006 2531 1196 2578 Barbarqffa
1216 2531 1314 2567 senex
1332 2531 1488 2578 puerulos
1517 2531 1693 2567 stomacho
1726 2496 1838 2580 appii-

1055 2582 1151 2616 cabat
1169 2581 1210 2616 ad
1225 2581 1388 2621 fomenta,
1771 2592 1836 2628 173

1004 2630 1149 2673 Belluae,
1176 2630 1358 2678 procellae,
1384 2641 1464 2664 cum
1493 2629 1626 2673 nebula,
1654 2629 1756 2666 instar
1780 2643 1839 2666 co-

1055 2680 1204 2722 lumnae,
1232 2679 1263 2714 se
1281 2679 1468 2722 sustinente,
1789 2692 1836 2725 43

1004 2729 1096 2764 Betel
1113 2729 1209 2769 radix
1226 2729 1404 2771 narcotica,
1768 2729 1835 2772 146

1007 2778 1186 2815 Bethlehem
1203 2778 1403 2825 hospitium,
1432 2777 1465 2812 in
1490 2789 1531 2813 eo
1548 2776 1732 2826 phrenetici
1760 2779 1839 2824 plu-

1054 2840 1104 2862 res
1123 2827 1294 2874 longaevi,
1771 2827 1839 2873 136

1003 2876 1133 2911 Bezoar
1161 2877 1260 2924 lapis,
1295 2874 1363 2922 ejus
1391 2875 1465 2912 usus
1482 2876 1515 2911 in
1545 2875 1728 2918 medicina,
1759 2888 1838 2920 141.

1055 2926 1247 2975 Qomodo
1265 2926 1406 2961 utendus
1424 2937 1489 2973 pro
1506 2924 1662 2965 cordiali,
1770 2926 1836 2973 165

1005 2975 1121 3010 Bibere
1145 2976 1308 3017 calidum,
1336 2975 1527 3010 mirandum
1560 2973 1653 3020 quod
1686 2973 1772 3009 abiit
1802 2975 1837 3010 in

1054 3025 1322 3066 desuetudinem,
1770 3025 1835 3071 163

1005 3074 1087 3109 Bilis
1106 3074 1237 3108 11111ἐῖ10
1255 3074 1297 3108 ad
1315 3071 1598 3119 longaevitatem,
1770 3075 1836 3107 126

1003 3121 1114 3157 Bodlei
1142 3122 1194 3166 [T
1196 3122 1333 3171 homae]
1360 3121 1500 3169 epistola
1533 3120 1576 3157 ad
1605 3120 1707 3157 Fran.
1732 3120 1838 3158 Bace-

1055 3182 1149 3212 num,
1765 3176 1837 3215 254

1655 3218 1837 3257 Bombm'a,
