1973 3570
358 147 1088 200 MEDITATIONES
1152 155 1530 210 SACRAE.

132 246 248 285 edidit
263 245 453 293 miracula,
483 248 519 284 &
548 246 759 297 profligavit
774 244 1022 299 AEgyptios
1039 247 1196 300 pestibus
1225 250 1376 293 multis;
1406 248 1526 298 Elias
1548 254 1674 305 edidit,
1705 260 1742 297 ὅ(

130 299 283 353 occlusit
299 303 449 340 coelum
474 314 523 338 nc
545 304 706 351 plureret
736 301 840 354 super
860 312 1021 343 terram3
1052 304 1088 340 δε
1116 303 1234 341 rursus
1248 305 1376 343 eduxit
1405 306 1452 344 de
1475 311 1584 346 coelo
1612 301 1743 361 ignem

129 355 202 393 Dei
231 356 338 406 super
353 357 465 394 duces
486 358 522 394 ὅ(
542 357 740 398 cohortes
769 354 970 395 Elizaeus
995 356 1125 405 edidit,
1165 361 1201 396 ὃ(
1226 359 1393 399 evocavit
1423 362 1519 399 ursas
1546 376 1565 400 c
1594 366 1742 406 deserto

127 422 223 456 quae
242 412 424 448 laniarent
444 412 658 462 impuberes
672 430 684 455 ‚-
717 409 869 450 Petrus
884 409 1088 450 Ananiam
1113 413 1333 464 sacrilegum
1350 416 1587 465 hypocritam
1603 432 1739 469 morte,

126 462 284 504 Paulus
301 463 484 516 Elymam
503 478 658 516 magum
673 469 849 506 caecitate
863 463 1061 519 percuffit:
1092 467 1153 505 sed
1168 467 1262 506 nihil
1278 469 1493 516 hujusmodi
1519 472 1608 510 fecit
1620 474 1737 526 Jcsus.

125 519 329 572 Descendit
344 520 451 572 super
465 533 552 558 eum
566 521 719 570 Spiritus
735 524 774 559 in
790 521 913 560 forma
938 522 1151 569 columbae,
1180 524 1226 560 de
1241 537 1319 576 quo
1339 525 1444 572 dixit,
1479 524 1659 577 Neftitis
1679 543 1739 568 ca-

107 572 498 628 jusspiritusst'tim
530 578 686 627 Spiritus
700 574 815 628 Jffc,
844 575 992 630 spiritus
1009 577 1272 615 columbinus:
1302 579 1455 618 fuerunt
1472 581 1527 618 illi
1548 582 1638 620 servi
1652 586 1739 633 Dei,

123 639 303 682 tanquam
327 631 438 668 boves
451 631 525 670 Dei
550 631 762 670 triturantes
784 643 957 682 granum,
989 633 1027 668 ὃς
1048 634 1310 671 conculcantes
1328 636 1499 686 paleams
1533 637 1593 674 scd
1624 636 1740 692 Jcfits

120 684 258 737 tignus
267 687 341 723 Dei
355 683 431 723 fine
444 684 498 724 ira
512 687 548 723 &
562 685 717 731 judiciis.
775 685 918 725 Omnia
936 687 1014 734 ejus
1042 689 1223 726 miracula
1251 687 1348 727 circa
1367 702 1501 741 corpus
1516 681 1739 743 humanum,

120 739 343 790 &doctrina
365 741 443 785 ejus
465 740 559 779 circa
584 743 752 780 animam
772 742 990 781 humanam.
1046 743 1194 793 Indiget
1221 756 1355 794 corpus
1379 745 1546 783 hominis
1580 748 1734 787 alimen-

118 804 178 847 to,
206 793 423 833 defensione
450 796 497 833 ab
524 798 697 844 externis,
733 799 771 834 δε
789 810 885 836 cura.
942 798 1009 834 Ille
1034 799 1322 836 multitudinem
1346 799 1502 851 piscium
1528 804 1568 839 in
1599 805 1737 843 retibus

119 848 374 900 congregavit,
403 862 444 889 ut
473 851 690 890 uberiorem
712 851 851 890 vie‘ttun
882 850 1102 890 hominibus
1121 854 1334 903 praeberet:
1363 855 1430 892 llle
1453 855 1676 895 alimentum
1700 872 1734 896 a·

119 906 271 958 quaein
284 905 433 955 dignius
446 905 672 945 alimentum
690 906 769 946 vini
783 908 829 946 ad
857 907 1142 945 exhilarandum
1162 921 1229 946 cor
1244 909 1411 946 hominis
1427 914 1638 950 convertit:
1668 915 1735 953 Ille

115 959 246 1013 ficum,
273 961 378 1010 quod
394 957 524 998 officio
538 961 618 1010 suo,
648 963 693 1000 ad
709 963 814 1012 quod
824 961 1045 1000 destinatum
1061 962 1146 1010 fult,
1175 964 1220 1001 ad
1232 963 1356 1001 cibum
1369 965 1534 1004 hominis
1548 966 1734 1017 videlicet,

116 1026 199 1052 non
217 1014 451 1066 fungeretur,
480 1016 620 1055 arefieri
633 1014 758 1065 jussit:
787 1018 855 1056 Ille
869 1019 1064 1068 penuriam
1084 1017 1242 1068 piscium
1263 1021 1297 1055 ὃ(
1315 1032 1456 1069 panum
1484 1022 1529 1058 ad
1554 1023 1733 1062 alendum

117 1069 324 1124 exercitum
351 1071 483 1123 populi
499 1070 686 1111 dilatavit:
717 1073 784 1112 Ille
812 1082 945 1111 ventos
972 1072 1077 1123 quod
1106 1072 1365 1123 navigantibus
1391 1074 1624 1115 minarentur
1649 1090 1729 1117 cor—

115 1124 248 1178 ripuit:
274 1126 344 1163 llle
363 1125 500 1164 claudis
525 1138 691 1175 motum,
715 1129 832 1166 caecis
856 1129 1000 1173 lumen,
1031 1126 1143 1164 mutis
1161 1128 1390 1176 sermonem,
1424 1130 1606 1181 languidis
1635 1132 1728 1171 sani·-

50 1214 52 1216 .
113 1188 245 1226 tatem,
271 1179 422 1231 leprosis
437 1193 589 1219 carnem
617 1183 813 1230 mundam,
844 1180 1096 1220 daemoniacis
1123 1184 1302 1233 animum
1326 1185 1530 1234 integrum,
1565 1191 1725 1226 mortuis

112 1236 232 1273 vitam
258 1234 423 1273 restituit.
479 1236 644 1275 Nullum
673 1238 900 1275 miraculum
927 1235 1068 1284 judicii,
1099 1239 1230 1275 omnia
1259 1238 1537 1288 beneficentiae,
1567 1244 1603 1278 <Sc
1633 1244 1729 1280 circa

111 1301 246 1341 corpus
264 1289 494 1331 humanum3
524 1303 615 1328 nam
637 1293 734 1329 circa
758 1291 902 1330 divitias
930 1303 1010 1329 non
1039 1291 1087 1330 est
1107 1291 1281 1342 dignatus
1305 1293 1416 1331 edere
1446 1293 1633 1344 miracula,
1661 1296 1728 1335 nisi

110 1345 186 1382 1106
200 1346 370 1394 unicum,
400 1357 442 1384 ut
461 1346 647 1384 tributum
661 1347 810 1385 daretur
826 1345 997 1399 Caefizri.

266 1493 358 1550 De
407 1491 722 1551 columbina
782 1490 1092 1549 innocentia
1143 1492 1203 1550 δε
1260 1493 1563 1574 serpentina

761 1575 1067 1658 prudentia.
1375 1580 1379 1582 ’
1458 1579 1486 1582 ”

130 1715 238 1767 Nan
261 1721 426 1783 accipit
436 1715 607 1782 stultus
631 1716 770 1765 verba
779 1715 1063 1782 prudentiae,
1100 1721 1151 1764 ni
1167 1736 1182 1763 z
1205 1735 1257 1763 ea
1281 1717 1449 1766 dixeris
1467 1735 1583 1784 quae
1595 1739 1703 1768 ver-

658 1786 834 1854 fimtur
853 1791 901 1835 in
919 1787 1043 1835 corde
1060 1788 1162 1852 ejus.

177 1901 402 1942 UDICIO
426 1903 594 1940 hominis
608 1903 810 1952 depravato
820 1905 857 1940 ὅ(
872 1912 1067 1952 corrupto,
1097 1902 1225 1939 omnis
1238 1913 1333 1950 quae
1344 1901 1539 1940 adhibetur
1554 1904 1718 1942 eruditio

199 1959 236 1994 ὅ(
256 1956 438 2010 persuafio
454 1957 553 1996 irrita
567 1958 628 2005 est,
658 1960 695 1994 ὅ(
710 1956 905 2008 despectui,
926 1969 1020 2008 quae
1036 1969 1117 1994 non
1132 1957 1236 1993 ducit
1253 1957 1451 1994 exordium
1466 1970 1487 1994 a
1501 1958 1716 1997 detefflonc

103 2015 143 2049 ὅ(
162 2012 499 2062 repraesentatione
519 2014 638 2050 malae
652 2014 927 2063 complexionis
939 2011 1056 2049 animi
1073 2010 1234 2057 sanandi,
1250 2013 1575 2063 quemadmodum
1604 2014 1716 2052 inuti-

101 2066 402 2113 litet'adhibetur
423 2067 611 2105 medicina
642 2080 725 2105 non
751 2077 967 2120 pertentato
981 2068 1145 2104 vulnere.
1203 2067 1307 2105 Nam
1335 2066 1507 2104 homines
1527 2067 1717 2116 malitiosi,v

102 2122 168 2174 'qui
194 2120 288 2160 nihil
316 2121 393 2160 sani
417 2124 598 2173 cogitant,
628 2133 903 2174 praeoccupant
927 2122 1002 2159 hoc
1029 2119 1106 2169 fibi,
1134 2131 1177 2159 ut
1191 2131 1324 2174 putent
1345 2122 1556 2159 bonitatem
1577 2135 1618 2160 ex
1633 2121 1715 2160 fim-

100 2176 266 2230 plicitate
286 2189 453 2225 morum,
481 2191 523 2215 ac
546 2176 685 2215 inscitia
698 2177 871 2227 quadarn,
900 2180 938 2214 ὅ(
963 2175 1148 2228 imperitia
1170 2188 1297 2214 rerum
1318 2176 1569 2214 humanarum
1595 2176 1712 2228 gigni.

102 2233 230 2285 Qare
257 2230 324 2270 nisi
340 2232 590 2284 perspexerint
617 2245 660 2270 ea
687 2245 782 2281 quae
796 2231 987 2270 versantur
1012 2233 1053 2267 i²n
1082 2231 1195 2268 corde
1222 2231 1300 2278 suc,
1329 2229 1365 2267 id
1381 2231 1440 2277 est,
1470 2229 1713 2281 penitissimas

102 2285 260 2329 latebras
287 2289 452 2326 malitiae
480 2288 563 2326 suae
585 2288 812 2340 perlustratas
837 2287 917 2333 effe,
945 2288 979 2322 ei
1008 2287 1074 2334 qui
1107 2285 1249 2322 suasum
1289 2287 1462 2333 molitur,
1506 2285 1713 2339 deridiculo

100 2342 241 2380 habent
255 2342 364 2380 verba
381 2342 623 2394 prudentiae3
653 2344 777 2393 itaque
797 2339 829 2379 ei
845 2343 909 2393 qui
925 2341 970 2378 ad
990 2341 1202 2377 bonitatem
1230 2339 1370 2391 aspirat,
1399 2353 1480 2377 non
1509 2340 1711 2379 solitariam

101 2399 140 2434 δε
156 2395 427 2450 particularem,
454 2398 516 2436 sed
546 2396 762 2436 seminalem
786 2399 823 2433 ὃς
848 2397 1055 2446 genitivam
1078 2406 1173 2444 quae
1194 2393 1286 2432 alios
1309 2394 1442 2442 trahat,
1472 2395 1612 2433 debent
1641 2395 1711 2435 effe

96 2450 266 2492 omnino
276 2461 381 2498 nota,
408 2465 502 2504 quae
516 2453 577 2491 ille
591 2462 702 2491 vocat
723 2448 932 2503 Profltnda
948 2448 1139 2490 Satanan
1153 2454 1154 2457 ’
1167 2457 1210 2486 ut
1238 2451 1414 2501 loquatur
1442 2462 1530 2488 eum
1545 2450 1711 2490 authori-

101 2505 176 2545 ta‘te
189 2504 485 2545 &insinuatione
495 2520 596 2546 vera:
627 2505 714 2544 hinc
723 2504 888 2553 estillud‚
904 2505 1030 2542 omnia
1034 2501 1211 2557 probate,
1232 2501 1336 2557 quod
1340 2501 1475 2554 bonum
1489 2501 1541 2554 est
1555 2511 1684 2544 tenete
1696 2523 1706 2550 5

101 2563 284 2600 inducens
298 2562 523 2599 cleffionem
546 2560 762 2609 judiciosam
792 2574 834 2599 ex
865 2559 1029 2611 generali
1050 2561 1330 2597 examinatione
1349 2573 1356 2595 :
1386 2572 1428 2597 ex
1448 2561 1584 2598 eodem
1599 2560 1709 2600 fonte

100 2615 151 2654 est
161 2616 252 2654 illud
265 2631 276 2658 ς
295 2614 410 2667 estote
408 2615 625 2669 prudentes
625 2613 732 2667 sicut
734 2615 949 2669 strpentes,
969 2615 1191 2652 innocentes
1190 2611 1293 2664 ficut
1308 2611 1508 2652 columbae.
1553 2617 1648 2654 Non
1660 2618 1707 2654 est

98 2673 192 2710 dens
212 2673 402 2724 serpentis,
430 2684 501 2710 nec
520 2684 723 2719 venenum,
753 2683 823 2710 nec
845 2671 1006 2718 aculem,
1035 2679 1129 2718 quae
1157 2681 1239 2707 non
1258 2669 1412 2721 probata
1426 2670 1586 2707 debeant
1616 2673 1705 2714 ess'e5

98 2740 170 2765 nec
184 2728 441 2778 pollutionem
458 2725 538 2776 quis
551 2726 694 2773 timeat,
723 2739 813 2764 nam
843 2728 880 2763 ὅς
903 2725 958 2763 sol
973 2723 1178 2775 ingreditur
1194 2723 1353 2771 latrinas,
1380 2736 1448 2761 nec
1463 2723 1676 2774 inquinatur
1688 2744 1704 2768 ,-

98 2794 171 2828 nec
183 2782 264 2833 quis
280 2782 315 2819 se
329 2783 455 2819 Deum
470 2792 614 2819 tentare
629 2782 767 2830 credat,
796 2793 886 2820 nam
907 2792 949 2818 ex
962 2790 1160 2831 praecepto
1174 2778 1234 2828 est,
1264 2774 1513 2831 &ficffi'ciens
1527 2777 1705 2829 est‘Deus

100 2844 146 2874 ut
159 2849 232 2875 vos
247 2834 515 2875 immaculatos
534 2833 735 2887 custodiat,

1641 2998 1702 3037 De

1821 183 1933 233 ‘397
