1973 3570
298 187 406 242 DE
456 190 975 241 SAPIENTIA
1026 187 1486 242 VETERUM.

88 294 217 332 divina
233 291 461 342 benignitate
477 292 676 342 impetrare
687 293 723 329 ὃ(
739 290 1012 329 incusationem
1029 289 1270 339 Promethei,
1301 292 1385 330 licet
1395 294 1559 333 authoris
1576 297 1611 333 ἀ
1622 305 1698 334 mr.-

91 348 202 399 gistri,
232 359 389 396 eamque
414 358 536 384 acrem
553 346 868 385 &vehementem
897 348 1016 396 magis
1050 346 1174 384 sanam
1201 351 1236 383 ὅ(
1265 347 1407 394 utilem,
1439 362 1552 397 quam
1578 364 1697 399 gratu-

87 404 275 441 lationem
294 400 451 440 effusam
478 401 574 443 effe3
601 400 766 450 denique
792 402 1018 450 opinionem
1040 400 1167 453 copiae
1190 400 1287 439 inter
1316 406 1495 440 maximas
1510 406 1629 443 causas
1645 407 1697 444 in-

88 459 198 510 opiae
216 458 360 507 reponi.
416 456 534 509 Quod
548 467 640 494 vcro
653 455 786 494 attinet
802 456 847 493 ad
859 456 953 493 doni
968 469 1099 506 genuS,
1128 457 1231 505 quod
1248 457 1421 496 homines
1435 458 1473 496 in
1485 463 1696 510 praemium

87 509 333 550 accusstionis
360 512 537 550 dicuntur
562 509 735 562 accepisse
770 510 919 558 (florem
951 509 1151 556 juventutis
1173 511 1344 549 videlicet
1366 526 1447 550 non
1477 515 1693 563 deciduum)

89 565 274 613 ejusmodi
289 566 350 614 est,
378 576 421 604 ut
435 566 630 604 videantur
652 566 797 617 antiqui
812 566 858 602 de
872 566 998 603 modis
1020 568 1057 603 ὅ(
1080 565 1276 603 medicinis
1290 568 1335 604 ad
1361 569 1557 606 senectutis
1586 580 1695 607 retar-

87 621 287 660 dationem
303 624 340 659 &
357 623 454 659 vitae
468 621 804 670 prolongationem
819 619 1053 668 facientibus,
1069 633 1150 658 non
1164 621 1382 673 desperass'e3
1412 623 1471 660 sed
1488 623 1549 661 illa
1566 627 1696 672 utique

89 675 296 715 numeraffe
323 675 448 728 potius
477 677 575 712 inter
603 687 656 722 ea,
685 687 778 726 quae
807 688 872 726 per
897 675 1099 714 hominum
1125 678 1298 714 inertiam
1329 680 1366 714 &
1389 678 1584 725 incuriam,
1614 680 1698 717 licet

90 729 206 770 semel
219 741 366 780 accepta
379 732 519 780 periere
537 740 600 767 aut
622 729 787 767 frustrata
802 727 871 767 fint
888 744 898 771 3
927 743 1040 782 quam
1069 732 1168 768 inter
1187 744 1228 769 ca
1248 744 1341 780 quae
1365 734 1474 784 plane
1500 746 1632 783 negata
1661 739 1695 772 &a

89 797 288 838 nunquam
302 784 471 823 concessa
491 784 640 822 fuerint.
700 785 919 835 Significant
945 788 1050 823 enirn
1074 788 1111 824 &
1137 786 1314 834 innuunt,
1345 789 1496 837 exiguis
1510 801 1599 826 vero
1617 789 1696 835 usu,

85 851 202 890 atque
234 852 278 878 ex
300 839 385 878 artis
413 840 599 877 erroribus
628 841 726 877 bene
756 843 792 877 ὅ(
820 840 964 879 strenue
987 840 1158 878 accusatis
1187 844 1224 879 ὅ(
1247 842 1437 889 conviciis,
1475 843 1697 881 munificen-

88 895 181 936 tiam
195 894 361 933 divinam
384 896 430 932 ad
445 893 660 941 hujusmodi
692 895 794 933 dona
821 895 1040 934 hominibus
1066 909 1148 933 non
1163 896 1337 938 defuiss'c3
1364 897 1460 946 ipsos
1477 896 1541 935 sibi
1567 900 1696 947 deess‘c,

89 961 180 997 cum
194 951 270 989 hoc
292 951 454 989 deorum
477 962 613 988 munus
631 949 745 987 asello
765 949 1012 1000 imposuerint
1040 953 1148 988 lento
1171 953 1209 989 ὅ(
1231 953 1466 1002 tardigrad05
1497 966 1538 990 ea
1553 955 1700 991 videtur

90 1006 161 1046 effe
179 1004 401 1056 experientia
421 1016 479 1042 res
505 1003 643 1056 stupida
671 1007 708 1042 ὃ(
733 1006 842 1057 plena
864 1018 1004 1053 morae,
1034 1019 1077 1043 ex
1104 1007 1207 1052 cujus
1225 1008 1342 1056 gradu
1370 1009 1478 1045 tardo
1494 1010 1530 1045 &
1554 1009 1699 1046 testudi-

92 1072 172 1100 neo
185 1062 337 1112 antiqua
351 1059 413 1098 illa
427 1061 664 1112 querimonia
674 1060 720 1097 de
734 1061 809 1098 vita
825 1059 924 1098 brevi
939 1063 976 1098 ὅ(
991 1071 1069 1098 arte
1083 1062 1198 1110 longa
1213 1073 1298 1099 nata
1314 1063 1372 1100 cst.

143 1116 317 1167 Atque
342 1126 441 1153 certe
467 1127 538 1153 nos
559 1116 600 1151 in
623 1127 664 1152 ea
688 1114 813 1152 sumus
837 1117 1033 1167 opinione,
1062 1116 1252 1153 facultates
1268 1115 1346 1154 illas
1368 1114 1469 1164 duas,
1499 1119 1696 1167 Dogmati-

89 1182 174 1210 mm
187 1172 226 1210 &
239 1170 480 1221 Empiricam,
511 1169 631 1207 adhuc
652 1182 734 1206 non
755 1170 851 1206 bene
880 1171 1096 1215 conjunstas
1125 1173 1161 1208 ὃ(
1175 1173 1363 1220 copulatas
1378 1173 1493 1219 fuiss'e,
1523 1174 1583 1210 sed
1596 1187 1695 1213 nova

90 1227 253 1264 deorum
274 1236 443 1271 munera,
471 1234 534 1261 aut
553 1223 800 1273 philosophiis
821 1223 1000 1262 abstractis
1028 1235 1207 1276 tanquam
1231 1228 1303 1264 leri
1332 1227 1499 1269 volucri3
1526 1239 1589 1265 aut
1616 1231 1694 1266 len—

89 1291 149 1319 tae
175 1283 213 1319 &
234 1281 358 1318 tardae
385 1277 642 1331 experientiae,
669 1289 848 1328 tanquam
878 1279 993 1316 asello
1009 1279 1180 1332 imposita
1196 1281 1287 1318 effe:
1317 1284 1359 1319 In
1387 1294 1464 1330 quo
1492 1292 1619 1320 tamen
1647 1286 1695 1321 de

88 1335 204 1374 asello
218 1336 288 1373 illo
309 1347 392 1373 non
414 1335 513 1371 male
541 1332 792 1371 ominandum
821 1334 880 1380 est,
918 1332 986 1371 nisi
1013 1335 1235 1373 interveniat
1257 1335 1349 1374 illud
1371 1335 1537 1374 accidens
1562 1341 1641 1374 viae
1658 1342 1696 1377 δε

90 1389 174 1429 fitis.
229 1390 485 1428 Existimamus
508 1388 622 1436 enim,
650 1386 676 1425 fi
698 1388 778 1438 quis
801 1388 1058 1439 experientiae,
1088 1389 1203 1429 veluti
1226 1403 1325 1429 certa
1347 1394 1429 1441 lege
1454 1394 1491 1429 ὃς
1512 1392 1697 1430 methodo

91 1443 301 1485 constanter
328 1443 478 1492 militet,
507 1456 630 1493 neque
650 1445 748 1481 inter
770 1445 869 1481 viam
904 1447 1167 1495 experimenta,
1196 1459 1290 1498 quae
1318 1448 1377 1484 vel
1400 1447 1445 1484 ad
1473 1448 1617 1485 lucrum
1648 1449 1697 1486 fa-

92 1499 208 1548 ciunt,
237 1501 297 1539 vel
321 1499 367 1537 ad
395 1498 685 1537 ostentationem
706 1499 904 1536 hauriendi
927 1498 981 1537 fiti
1011 1501 1244 1550 corripiatur,
1275 1501 1370 1538 adeo
1392 1512 1434 1538 ut
1461 1502 1507 1539 ad
1524 1515 1564 1539 ea
1592 1515 1696 1539 com—

92 1555 254 1608 paranda
283 1567 380 1593 onus
409 1555 518 1592 suum
533 1555 698 1606 deponat
719 1557 754 1591 &
770 1553 962 1596 distraham
993 1568 1081 1593 eum
1108 1556 1388 1594 munificentiae
1407 1555 1553 1595 divinae
1570 1559 1698 1595 austae

93 1614 131 1648 ὅ(
145 1622 266 1649 novae
281 1611 448 1657 bajulum
464 1622 546 1647 non
560 1609 735 1647 inutilem
760 1609 853 1647 fore.
911 1611 1027 1663 Quod
1052 1623 1139 1649 vero
1166 1611 1313 1649 donum
1334 1611 1426 1649 illud
1449 1612 1494 1648 ad
1510 1612 1697 1664 serpentes

92 1663 285 1712 transierit,
313 1678 355 1702 ea
367 1665 515 1703 videtur
532 1663 689 1710 adjectio
708 1664 753 1701 ad
773 1664 938 1703 fabulam
953 1676 1108 1704 ornatus
1130 1666 1208 1704 fere
1230 1668 1358 1716 gratia,
1387 1665 1455 1703 nisi
1477 1667 1577 1704 forte
1600 1669 1695 1706 illud

94 1719 329 1768 inseruerint,
358 1730 399 1757 ut
415 1716 588 1757 homines
602 1720 749 1772 pudeat,
779 1718 814 1757 se
843 1733 929 1758 cum
945 1723 1032 1771 igne
1059 1722 1130 1758 illo
1145 1721 1212 1758 suo
1242 1724 1277 1759 5<
1301 1733 1359 1759 ror
1375 1723 1515 1758 artibus
1538 1734 1579 1759 ca
1604 1722 1641 1759 in
1662 1724 1698 1760 se

96 1776 292 1814 transferre
316 1787 398 1812 non
426 1775 537 1825 posse,
567 1787 662 1823 quac
682 1785 812 1813 natura
839 1776 913 1825 ipsa
939 1777 1195 1828 compluribus
1215 1778 1295 1813 aliis
1324 1775 1540 1813 animalibus
1568 1779 1699 1827 largita

94 1830 154 1869 est.
209 1828 332 1868 Etiam
348 1831 411 1867 illa
425 1829 540 1868 subita
559 1828 762 1867 hominum
777 1842 863 1866 cum
880 1828 1113 1868 ‘Prometheo
1132 1831 1402 1878 reconciliatio,
1431 1831 1621 1883 postquam
1638 1833 1698 1884 spe

98 1885 161 1925 sua
179 1884 408 1932 deeidiss'ent,
436 1886 632 1923 monitum
653 1884 764 1922 habet
781 1884 869 1923 utile
884 1888 921 1923 ὃς
943 1887 1123 1938 prudens:
1154 1888 1193 1926 N
1198 1895 1276 1924 orat
1297 1889 1400 1924 enim
1429 1887 1632 1923 hominum
1649 1890 1697 1925 le-

99 1940 311 1991 vitatem&
324 1939 574 1978 temeritatem
594 1941 635 1977 in
657 1941 920 1990 experimentis
943 1943 1062 1979 novis.
1118 1943 1170 1979 Ea
1192 1936 1296 1979 enim
1316 1940 1340 1978 fi
1359 1941 1479 1978 statim
1507 1955 1588 1978 non
1623 1942 1698 1979 suc*

98 1996 234 2035 cedant
254 1994 353 2033 &ad
381 2005 470 2033 vota
496 1993 756 2048 respondeant,
785 2008 1027 2047 praepropera
1052 1996 1285 2034 festinatione
1320 1997 1494 2034 homines
1527 1995 1699 2046 incoepta

98 2051 286 2098 deserunt,
316 2049 582 2102 &praecipites
603 2050 648 2087 ad
676 2057 804 2088 vetera
818 2062 1022 2099 recurrunt,
1051 2051 1165 2103 iisque
1181 2051 1479 2089 reconciliantur.
1534 2051 1700 2101 Descrip-

97 2117 143 2145 to
166 2105 259 2144 statu
280 2104 448 2143 hominis
474 2105 599 2158 quoad
635 2115 732 2143 artes
763 2108 800 2143 ὅ(
827 2105 1101 2154 intellectualia,
1124 2107 1298 2158 parabola
1320 2105 1447 2144 transit
1480 2106 1525 2143 ad
1553 2106 1700 2156 religio-

98 2172 217 2203 nem3
243 2162 430 2199 culturam
445 2162 551 2198 enim
573 2158 708 2197 artium
736 2161 855 2198 cultus
883 2160 1100 2213 divinorum
1123 2160 1322 2212 comitatus
1350 2161 1418 2203 est3
1447 2173 1560 2213 quem
1580 2160 1699 2198 statim

101 2214 303 2266 hypocrisis
321 2217 517 2265 occupavit
531 2214 570 2252 δε
589 2215 737 2265 polluit.
792 2217 920 2267 Itaque
949 2216 1015 2254 sub
1034 2214 1174 2268 duplici
1197 2218 1266 2254 illo
1294 2216 1482 2262 sacrificio,
1511 2217 1700 2265 eleganter

100 2270 392 2321 repraesentatur
410 2270 568 2321 persona
581 2282 667 2308 vere
681 2268 839 2320 religiosi
856 2273 892 2307 ὃς
912 2271 1136 2321 hypocritae.
1192 2271 1319 2308 Alteri
1345 2272 1448 2307 enim
1475 2270 1563 2308 inest
1577 2271 1700 2322 adepS,

100 2324 177 2364 Dei
199 2325 380 2364 nimirum
400 2327 540 2378 portio,
569 2325 622 2362 ob
643 2323 983 2363 inflammationem
1007 2328 1044 2362 ὃς
1067 2322 1245 2372 suffitum,
1275 2332 1337 2375 per
1359 2325 1462 2378 quod
1489 2325 1641 2363 affectus
1662 2329 1701 2362 ὃς

101 2382 204 2419 zelus
232 2381 277 2417 ad
305 2382 466 2432 gloriam
483 2381 555 2418 Dei
584 2379 753 2418 incensus
775 2391 885 2431 atque
912 2382 984 2418 alta
1012 2390 1139 2430 petens
1153 2378 1394 2429 significatum
1422 2379 1547 2418 insunt
1566 2379 1701 2417 viscera

101 2435 297 2482 charitatis,
326 2435 452 2473 insunt
467 2448 593 2473 carnes
612 2435 734 2473 bonae
763 2437 800 2472 δ(
822 2434 939 2472 utiles.
995 2437 1038 2472 ln
1066 2436 1185 2472 altero
1213 2435 1306 2472 nihil
1329 2446 1471 2487 praeter
1493 2434 1567 2472 o'fl'a
1599 2436 1701 2472 arida

102 2488 142 2529 ὅ(
158 2491 259 2529 nuda
273 2492 517 2540 reperiuntur,
544 2503 639 2543 quae
666 2488 912 2527 nihilominus
931 2491 1068 2542 pellem
1085 2489 1258 2537 farciunt,
1289 2492 1325 2527 ὃς
1356 2489 1510 2527 hostiam
1536 2490 1704 2541 pulcher-

104 2548 242 2584 rimam
262 2543 783 2595 &magnificamimitantur3
811 2557 877 2597 per
905 2557 999 2594 quae
1022 2545 1119 2581 reste
1133 2555 1315 2582 notantur
1341 2546 1483 2583 externi
1512 2547 1548 2582 ὅ(
1576 2543 1704 2582 inanes

104 2600 195 2638 ritus
209 2603 247 2638 ὅ(
261 2601 497 2638 ceremoniae
510 2600 665 2647 jejunae,
694 2599 827 2649 quibus
843 2600 1018 2647 homines
1045 2600 1190 2637 cultum
1209 2600 1382 2637 divinum
1405 2609 1564 2637 onerant
1590 2603 1627 2636 ὅ(
1650 2599 1704 2636 111-

105 2655 210 2703 flant,
238 2668 293 2693 res
318 2655 364 2692 ad
389 2653 678 2692 ostentationem
705 2654 829 2707 potius
849 2652 1087 2704 compositae,
1115 2666 1228 2705 quam
1249 2655 1293 2691 ad
1310 2657 1486 2706 pietatem
1515 2654 1704 2692 facientes,

106 2711 245 2759 Neque
265 2709 347 2747 satis
362 2710 410 2748 est
433 2709 652 2747 hominibus
682 2706 898 2756 hujusmodi
920 2708 1077 2746 ludibria
1092 2710 1178 2746 Deo
1193 2708 1344 2756 offerre,
1373 2707 1438 2746 nifi
1460 2722 1502 2746 ea
1521 2708 1631 2746 etiam
1654 2706 1708 2745 illi

108 2763 308 2817 imponant
324 2768 362 2802 δε
389 2765 590 2814 imputent,
618 2776 659 2801 ac
675 2763 699 2802 fi
720 2764 794 2816 ipse
818 2758 879 2801 illa
904 2763 1056 2814 elegerit
1084 2766 1121 2801 ὅ(
1148 2763 1424 2814 praescripserim
1483 2765 1594 2802 Certe
1621 2764 1709 2799 Pro—

109 2820 218 2871 pheta
232 2820 298 2857 sub
313 2821 385 2858 Dei
401 2818 555 2871 persona
569 2819 617 2856 de
630 2818 699 2857 hac
709 2820 867 2871 optione
883 2817 1106 2870 expostulat:
1136 2815 1247 2856 Num
1262 2815 1418 2857 tandem
1435 2816 1507 2856 hoc
1533 2815 1583 2866 est
1609 2812 1713 2853 illud

95 2870 310 2926 jejunium,
326 2871 430 2927 quod
443 2872 552 2926 elegi,
571 2880 617 2911 ut
627 2870 734 2911 homo
743 2866 1026 2925 animamsttam
1037 2873 1078 2910 in
1099 2870 1200 2911 diem
1209 2885 1323 2911 unum
1337 2871 1502 2926 affltgat,
1533 2867 1580 2913 ὠ·
1595 2877 1710 2922 caput

112 2926 232 2978 instar
235 2927 356 2980 junci
372 2925 592 2967 demittat?
619 2928 704 2966 Post
725 2927 857 2966 statum
885 2927 1086 2978 religionis,
1113 2930 1287 2980 parabola
1315 2928 1348 2966 se
1377 2930 1486 2967 vertit
1514 2926 1560 2962 ad
1587 2937 1714 2962 mores

112 2984 151 3020 ὅ(
173 2984 357 3021 humanae
370 2986 468 3022 vitae
489 2982 742 3021 conditiones.
794 2983 926 3032 Atque
945 2985 1205 3033 pervulgatum
1226 2984 1275 3021 est
1287 2984 1391 3029 illud,
1422 2985 1457 3019 ὅ(
1470 2992 1596 3017 tamen
1617 2980 1713 3017 recle

113 3034 287 3086 politum,
336 3050 400 3088 per
427 3035 655 3076 Pandoram
691 3036 885 3088 significari
913 3040 1145 3088 voluptatem
1179 3041 1216 3078 δε
1255 3038 1464 3082 libidinem,
1506 3046 1601 3085 quae
1633 3034 1713 3086 post

112 3094 211 3132 vitae
235 3090 350 3131 civilis
368 3104 460 3132 artes
474 3095 511 3133 δε
526 3095 673 3131 cultum
694 3095 732 3131 <Sc
758 3094 901 3141 luxum,
928 3094 1046 3130 veluti
1065 3104 1109 3131 ex
1128 3093 1237 3132 dono
1265 3092 1371 3143 ignis,
1407 3093 1443 3128 &
1467 3088 1541 3141 ipsa
1563 3088 1711 3180 iucem?

180 3147 345 3185 Vo1„11,
921 3148 948 3185 Β
966 3147 988 3185 b
1001 3149 1024 3185 b
1653 3150 1683 3181 cl
1704 3170 1712 3180 .
