1973 3570
158 167 256 202 200
471 149 887 198 HISTORIA
939 151 1138 198 SONI
1197 151 1298 198 ET
1358 154 1742 203 AUDITUS.

348 244 462 283 NON
482 245 632 283 videtur
651 246 693 283 in
714 244 845 284 visibili
865 244 934 283 effe
958 245 1150 292 objectum
1169 256 1247 284 tam
1272 246 1443 284 odiosum
1464 249 1509 285 ad
1530 248 1704 300 sensumg:
1718 256 1834 300 aquarn
1855 256 1895 293 in

293 295 470 341 audibili3
499 299 560 337 sed
583 301 701 350 magis
725 313 766 338 ex
787 312 919 348 aequo.
976 302 1078 339 Nam
1095 301 1204 338 foeda
1227 301 1319 339 visui
1336 304 1452 352 magis
1473 303 1670 356 displicent
1681 307 1895 356 *obnexcitar

295 357 445 394 tionem
464 348 669 407 phai'itafiae
688 355 735 392 de
752 355 857 392 rebus
873 354 1007 401 foedis,
1036 367 1150 403 quam
1164 366 1316 405 propter
1337 355 1395 398 ses
1426 367 1462 395 at
1480 358 1520 394 in
1534 359 1780 409 audibilibus,
1792 362 1895 411 ,soni-

298 421 358 449 tus
373 409 501 457 serrae,
529 410 621 447 dum
636 411 790 456 acuitur,
822 411 858 447 δε
872 407 1016 456 similia,
1044 410 1229 448 inducunt
1245 410 1445 449 horrorem
1460 426 1470 452 5
1499 415 1535 449 ὃς
1550 422 1664 451 tonus
1680 415 1893 469 dileor'daris

297 465 342 504 in
356 462 493 502 musica
509 463 629 501 statim
646 465 810 509 rejicitur
830 467 867 501 ὅ(
882 464 1076 513 respuitur.
1796 504 1812 521 n

355 521 467 558 NON
488 519 628 556 constat
643 519 711 556 effe
727 519 989 557 refractionem
1011 521 1049 555 in
1066 518 1177 566 sonis,
1206 529 1247 556 ut
1264 521 1303 557 in
1320 520 1442 557 radiis.
1499 520 1682 561 Attamen
1697 527 1897 576 proculdu-

302 575 370 612 bio
394 571 554 611 refiliunt
571 573 673 613 sonis
704 573 763 610 sed
784 574 878 610 illud
894 571 1371 623 reflexioniassignandum.
1428 578 1564 631 Neque
1589 581 1690 616 enim
1709 581 1895 632 (arbitror)

302 627 329 667 fi
354 628 466 666 sonus
488 627 710 677 pertranseat
730 628 871 667 diversa
896 628 1032 675 media,
1062 638 1103 666 ut
1123 630 1258 676 a'e‘rem,
1289 628 1469 679 pannum,
1498 633 1660 681 lignum,
1690 636 1806 672 alium
1829 637 1899 688 else

305 686 434 722 locum
451 682 533 720 soni
550 683 613 720 ubi
632 682 809 729 defertur,
838 682 952 720 alium
975 684 1039 720 ubi
1055 683 1245 725 audiatur;
1276 686 1312 721 id
1334 686 1436 733 quod
1453 688 1647 735 proprium
1669 690 1900 732 resi-actionis

304 737 373 776 est:
395 737 457 774 sed
471 738 617 775 videtur
630 737 791 788 pendere
806 749 848 774 ex
865 739 1034 787 operatio
1058 739 1099 775 in
1121 739 1231 775 lineis
1258 740 1366 777 rectis
1394 739 1588 783 refraCtio5
1623 743 1661 780 id
1684 746 1789 792 quod
1816 759 1899 786 non

305 793 489 841 competit
505 791 612 828 sono.

365 848 575 884 CONTRA
585 857 640 882 cr
650 856 699 883 10
714 857 804 883 vero
819 844 900 882 soni
917 849 953 884 ὅ(
967 847 1137 884 dilatatio
1152 848 1241 894 ejus,
1272 848 1473 887 seeundum
1490 849 1767 900 dispositionem
1782 857 1899 894 medii

307 899 350 937 fit
373 900 633 950 proculdubiO,
665 910 706 936 ut
726 901 767 936 in
792 912 975 952 puparum
989 901 1143 939 vocibus
1169 904 1206 939 &
1226 904 1421 940 locutione
1445 904 1510 942 sub
1525 918 1637 954 aqua:
1667 910 1901 948 contrahitur

306 956 419 992 sonus
433 956 473 991 in
489 966 641 991 caverna
655 954 735 1002 illa,
750 956 790 991 in
805 957 943 1007 campis
958 955 1148 994 dilatatur:
1163 957 1496 1009 Quemadmodum
1511 972 1575 1009 per
1591 960 1734 1010 specula
1748 963 1899 1004 dilatan*

308 1019 368 1046 tur
383 1012 420 1046 &
441 1009 716 1046 contrahuntur
736 1007 890 1047 visibilia

361 1064 577 1100 MEDIUM
602 1073 657 1100 tre
686 1064 792 1101 idans
821 1065 875 1111 (ut
900 1065 1025 1103 fumus
1046 1068 1086 1103 in
1109 1064 1322 1116 visibilibus)
1347 1068 1434 1106 facit
1453 1067 1604 1107 visibilia
1625 1072 1768 1116 obieeta
1787 1076 1902 1113 etiam

304 1118 512 1170 trepidare:
542 1128 577 1155 at
593 1120 632 1156 in
649 1076 748 1155 &onis
764 1119 858 1156 nihil
874 1120 993 1158 adhuc
1008 1123 1081 1158 tale
1096 1122 1298 1169 invenitur,
1329 1121 1395 1160 nisi
1410 1124 1508 1161 forte
1524 1119 1680 1163 aceessio
1696 1130 1731 1165 δ(
1747 1126 1902 1168 re'ceffio

307 1185 374 1223 per
388 1182 533 1211 ventos.
589 1175 692 1212 Nam
706 1174 907 1225 trepidatio
922 1176 963 1212 in
982 1175 1095 1214 fistula
1110 1175 1337 1225 lusciniolae,
1366 1178 1414 1215 est
1428 1177 1628 1229 trepidatio
1647 1180 1900 1237 pereuflionis,

309 1240 392 1265 non
411 1227 538 1265 medii.

362 1284 480 1320 Post
504 1284 663 1320 multam
684 1283 820 1331 lucem,
849 1286 1034 1323 mutando
1052 1287 1096 1323 ad
1119 1287 1301 1334 tenebraS,
1330 1289 1387 1325 vel
1410 1288 1489 1338 post
1507 1291 1674 1327 tenebras
1698 1293 1741 1329 ad
1766 1293 1901 1340 lucem,

309 1337 558 1374 confunditur
577 1349 708 1387 parum
723 1339 837 1377 visus:
867 1351 991 1378 utrum
1012 1353 1103 1379 vero
1123 1341 1196 1378 hoe
1209 1341 1271 1378 fiat
1291 1354 1311 1378 a
1333 1346 1477 1393 magnis
1497 1345 1716 1394 fragoribuS,
1745 1358 1806 1385 aut
1825 1350 1904 1387 alto

310 1390 471 1439 iilentio,
499 1393 778 1441 inquirendum.

338 1478 413 1517 De
427 1476 627 1517 celeritate
631 1481 908 1532 generationis,
938 1480 986 1526 ὠ
1001 1483 1360 1538 extinei'ionissoni,
1383 1483 1430 1529 (ἔγ
1446 1493 1612 1541 tempore
1626 1490 1666 1528 in
1682 1491 1874 1544 questum.

366 1556 534 1591 OMNIS
555 1554 667 1592 sonus
687 1558 765 1594 cito
781 1558 985 1596 admodum
1001 1571 1210 1610 generatur,
1241 1564 1277 1600 <Sc
1297 1565 1374 1600 cito
1393 1562 1546 1601 interit:
1579 1566 1757 1605 Celeritas
1777 1579 1902 1607 autem

311 1619 438 1646 motus
453 1607 571 1658 ipfiuS,
601 1612 637 1647 ὅ(
650 1611 947 1650 differentiarum
963 1616 1050 1663 ejus,
1079 1629 1159 1653 non
1174 1627 1251 1654 tam
1267 1619 1446 1655 mirabilis
1467 1632 1522 1656 res
1538 1620 1693 1659 videtur.
1748 1625 1901 1661 Etenim
1958 1672 1960 1675 v

309 1664 518 1713 digitorum
534 1674 663 1702 motus
677 1667 717 1703 in
732 1667 880 1715 cithara,
900 1679 962 1707 aut
976 1671 1159 1709 anhelitus
1172 1673 1211 1708 in
1226 1672 1338 1710 fistula
1353 1684 1414 1710 aut
1427 1673 1525 1721 tibia,
1546 1676 1680 1712 celeres
1696 1678 1901 1717 admodum
1953 1692 1956 1695 ·

312 1719 579 1760 inveniuntur5
607 1722 720 1757 etiam
743 1723 870 1772 lingua
888 1722 962 1775 ipsa
979 1725 1073 1771 (non
1096 1726 1285 1764 curiosum
1300 1728 1447 1779 prorsus
1468 1732 1664 1778 organum)
1689 1742 1746 1769 tor
1760 1737 1902 1786 peragit

312 1782 441 1810 motus
456 1783 550 1821 quot
573 1774 713 1812 literas:
742 1777 858 1828 Quod
879 1791 970 1816 vero
990 1779 1071 1818 soni
1094 1793 1174 1818 non
1197 1782 1317 1819 solum
1337 1792 1415 1819 tam
1438 1786 1636 1832 perniciter
1661 1798 1900 1837 generentur,

316 1827 379 1864 sed
406 1830 443 1864 &
470 1838 617 1865 tantum
643 1829 799 1878 spatium
830 1831 891 1869 sua
915 1835 951 1872 vi
975 1836 1012 1871 ὅ(
1035 1832 1277 1887 impressione
1302 1835 1399 1885 quasi
1427 1850 1693 1878 momentanea
1720 1855 1903 1896 occupent

315 1882 452 1930 subito,
482 1883 521 1919 id
544 1882 728 1921 summam
751 1886 1042 1926 admirationem
1065 1890 1186 1929 habet.
1244 1893 1358 1938 Nam,
1389 1894 1547 1945 exempli
1571 1897 1697 1943 gratia,
1726 1897 1846 1936 homo
1865 1899 1904 1937 in

315 1937 447 1975 medio
473 1939 835 1988 campovociferans
856 1944 1046 1981 exauditur
1069 1946 1113 1982 ad
1138 1956 1305 1993 quartam
1335 1960 1476 1996 partem
1498 1946 1666 1986 milliaris
1689 1952 1728 1988 in
1749 1954 1903 2000 ambitu,

315 1990 429 2038 idque
440 1991 557 2029 verbis
568 1995 778 2043 articulatis,
794 1996 909 2044 iisque
920 1999 960 2035 in
971 1997 1121 2048 singulis
1136 2002 1293 2038 minutis
1305 2003 1543 2053 portionibus
1558 2005 1648 2041 aeris
1659 2004 1904 2056 haerentibus,

316 2045 431 2093 idque
448 2048 487 2082 in
503 2046 620 2097 spatio
640 2052 821 2100 temporis
837 2052 950 2101 longe
965 2055 1115 2093 minore
1131 2055 1278 2092 fortasse
1295 2058 1459 2094 minuto.

369 2102 440 2137 DE
462 2099 581 2150 spatio
595 2104 775 2154 temporis
799 2107 839 2142 in
863 2119 941 2155 quo
961 2108 1126 2147 defertur
1146 2109 1268 2158 sonus,
1299 2113 1578 2160 inquirendum.
1610 2144 1612 2147 ,
1633 2115 1674 2151 Id
1697 2114 1771 2154 hoc
1786 2119 1906 2156 modo

317 2154 480 2191 inveniri
508 2157 645 2204 potest:
685 2159 764 2196 Stet
784 2159 906 2198 homo
934 2163 974 2199 in
1000 2166 1210 2214 campanili,
1248 2167 1386 2208 noctu3
1422 2168 1487 2204 stet
1513 2169 1603 2204 alter
1629 2171 1667 2205 in
1695 2172 1820 2219 plano,
1859 2175 1904 2212 acl

318 2208 527 2246 distantiam
543 2210 643 2248 forte
666 2214 848 2262 milliaris,
877 2227 939 2254 aut
963 2229 1075 2265 quam
1090 2221 1221 2270 procul
1243 2233 1419 2271 campana
1434 2223 1593 2259 exaudiri
1607 2221 1732 2274 possit,
1761 2226 1905 2266 habeat·-

318 2276 393 2312 que
412 2275 574 2313 paratam
597 2266 717 2303 facem
742 2270 946 2318 lucentem,
983 2272 1044 2309 sed
1068 2285 1297 2326 coopertam.
1355 2279 1471 2314 Sonet
1497 2289 1673 2326 campana
1698 2282 1738 2317 in
1762 2293 1904 2335 campa-
1960 2302 1963 2305 ·

317 2320 411 2359 nilis
447 2331 559 2367 quam
579 2320 656 2358 cito
678 2322 740 2360 illa
757 2325 969 2363 exaudiatur
988 2327 1032 2363 ab
1058 2329 1128 2366 illo
1149 2330 1267 2367 altero
1291 2332 1354 2379 qui
1376 2331 1440 2368 stat
1461 2333 1501 2367 in
1524 2333 1649 2381 plano,
1678 2337 1823 2374 attollat
1842 2340 1907 2376 ille

316 2372 461 2410 facem:
499 2386 565 2425 per
585 2374 670 2421 hoe,
707 2389 750 2415 ex
778 2378 895 2430 spatio
920 2384 1102 2431 temporis
1128 2386 1226 2421 inter
1247 2397 1464 2437 campanam
1489 2387 1631 2435 pulsam
1656 2390 1692 2426 ὃς
1717 2390 1835 2429 facem
1855 2396 1907 2444 vi-

320 2425 409 2474 sam,
450 2428 676 2480 deprehendi
704 2433 853 2483 poffunt
873 2446 1068 2473 momenta
1093 2449 1220 2476 motus
1249 2439 1332 2476 soni
1361 2441 1405 2477 ab
1435 2453 1481 2477 eo
1510 2443 1574 2490 qui
1603 2441 1669 2480 stat
1696 2442 1735 2481 in
1764 2457 1906 2497 campa-

321 2480 400 2518 nili.

373 2537 425 2572 IN
440 2541 639 2576 tormentis
651 2541 769 2589 igneis
784 2542 933 2582 flamma
945 2545 1168 2598 conspicitur
1182 2556 1380 2595 antequam
1394 2549 1553 2588 bombus
1569 2551 1798 2596 exaudiatur3
1818 2567 1906 2594 cum

321 2599 449 2628 tamen
465 2591 615 2631 flamma
631 2594 800 2644 sequatur
816 2600 955 2636 exitum
970 2602 1084 2650 pilae:
1113 2612 1153 2638 ut
1170 2602 1318 2639 flamma
1332 2603 1470 2642 tardius
1486 2617 1610 2646 exeat3
1639 2605 1744 2644 citius
1759 2608 1905 2649 sensum

320 2644 440 2682 feriat.
496 2646 614 2685 Unde
629 2651 724 2687 reete
740 2653 940 2701 colligitur,
970 2657 1092 2693 radios
1105 2654 1260 2695 visibiles
1275 2659 1428 2695 celerius
1449 2659 1622 2706 diffundi,
1651 2663 1687 2697 ὅ(
1701 2667 1904 2714 pervenire,

322 2711 435 2747 quam
455 2699 589 2749 specics
609 2714 670 2741 aut
691 2703 949 2755 impressiones
965 2709 1058 2747 soni.

321 2788 395 2828 De
405 2784 609 2841 affinitate,
629 2803 697 2833 aut
711 2796 817 2837 nulla
831 2797 1035 2850 affinitate,
1056 2815 1169 2856 quam
1182 2801 1420 2856 habetsonus
1432 2818 1514 2844 cnm
1527 2814 1631 2846 motu
1645 2809 1760 2859 febris,
1781 2811 1822 2849 in
1833 2825 1904 2866 quo

808 2853 993 2907 defertur,
1022 2856 1135 2896 locali
1155 2854 1423 2912 &manifesta
1896 2910 1899 2913 ¹

378 2919 534 2957 SONUs
556 2933 635 2958 non
655 2925 801 2963 videtur
824 2928 1019 2967 manifesto
1035 2933 1071 2968 δε
1095 2932 1282 2970 aetualiter
1297 2934 1524 2981 quatefacere
1549 2937 1584 2972 ὅ(
1600 2937 1746 2974 turbare
1770 2941 1905 2991 a‘c'rem,

323 2981 364 3009 ut
378 2984 509 3012 ventus
524 2974 636 3017 solet3
665 2977 725 3015 sed
741 2981 912 3020 videntur
929 2994 1054 3022 motus
1071 2985 1151 3023 soni
1166 2987 1245 3023 ficri
1259 2999 1323 3036 per
1340 2988 1472 3039 specics
1489 2988 1706 3038 spiritu211e55
1736 2996 1785 3030 ira
1800 2997 1904 3032 enini

321 3026 568 3080 loquendum,
597 3031 719 3071 donec
733 3037 866 3074 certius
886 3040 1075 3090 quippiam
1092 3042 1311 3080 inveniatur.
1357 3062 1359 3065 ·

1782 3102 1905 3142 Abeo
