1973 3570
193 281 651 331 DESCRIPTIO
714 278 941 329 GLOBI
1003 278 1597 333 INTELLECTUAL„

91 387 126 424 se
154 384 285 434 sistant,
314 382 560 420 nihilominus
575 381 601 420 fi
626 392 718 419 terra
740 380 779 419 sit
794 384 963 434 primum
977 380 1156 432 frigidum
1180 395 1222 420 ex
1239 383 1418 423 sententia
1445 386 1698 428 ‘Parmenidis

92 446 128 479 ἃ(
151 436 295 489 Telesti,
324 451 405 475 non
429 437 534 475 facile
562 437 643 489 quis
663 434 838 484 affirmet,
867 448 930 474 aut
954 447 1071 484 certo,
1101 437 1146 474 ad
1170 450 1284 486 quam
1307 439 1545 480 altitudinem
1568 444 1618 481 vis
1637 446 1699 482 illa

82 492 308 535 adversatrix
332 496 368 530 ὃ(
390 493 508 530 rivalis
533 491 629 530 coeli
658 492 693 528 se
726 491 884 530 insinuet
903 491 1059 528 ieri-atim
1080 494 1117 528 ἃ
1144 503 1209 544 per
1237 491 1519 543 succeffionem,
1547 499 1698 548 praeser-

89 545 160 588 tin]
187 562 276 587 cum
306 547 432 586 tenuia
469 557 642 585 naturam
677 549 713 584 ὅ(
747 543 1033 596 impressionem
1070 546 1193 596 frigidi
1227 550 1264 585 ὃς
1293 549 1399 587 calidi
1434 551 1634 600 imbibant,
1663 557 1700 591 ἕ(

90 607 204 655 longe
228 604 426 656 perferant.
483 602 555 640 Sed
574 612 700 639 tamen
725 602 814 639 dato
838 602 943 650 quod
971 603 1124 638 coelum
1152 612 1234 640 non
1264 603 1421 652 patiatur
1447 619 1468 643 a
1500 618 1613 649 teri-215
1644 611 1698 646 nil

88 659 220 706 obstat,
247 658 337 710 quin
359 656 526 695 coelestia
555 670 575 694 a
599 656 634 694 se
662 655 822 693 invicem
847 655 920 706 pati
942 653 1085 709 poffint
1109 659 1146 694 δε
1171 658 1375 706 immutari,
1407 660 1461 698 sol
1481 661 1663 700 nimirum
1678 677 1699 701 a

89 714 211 761 stellis,
239 714 361 751 stellae
387 725 408 749 a
424 711 512 758 sole,
541 713 711 762 planetae
734 712 780 748 ab
803 710 980 760 utrisque,
1008 710 1197 750 universae
1219 714 1266 750 ab
1293 715 1439 752 aethere
1459 716 1699 766 circumfuso,

85 767 302 822 praesertim
331 767 370 804 in
394 765 600 804 defluentiis
619 767 836 815 globorum.
893 769 1084 804 Praeterea
1106 766 1253 805 videtur
1276 768 1407 821 opinio
1421 772 1467 809 de
1481 772 1700 812 aeternitate

89 823 188 863 coeli
213 834 366 872 magnas
388 821 481 859 vires
509 820 691 873 sumpsisse
715 834 758 859 ex
787 820 861 873 ipla
883 823 1055 860 machina
1083 824 1121 859 &
1149 822 1424 863 construetione
1446 827 1555 874 coeli,
1584 841 1700 880 quam

87 877 295 918 astronomi
313 875 473 929 plurima
501 889 590 913 cum
621 875 819 925 iatagentia
852 878 1156 915 introduxerunt.
1216 879 1386 916 Cautum
1411 881 1515 919 enim
1541 896 1699 933 magno-

90 947 177 986 pere
191 932 335 973 videtur·
351 944 393 968 ex
417 943 460 968 ea
487 942 528 969 ut
562 932 732 968 coelestia
761 931 813 968 nil
829 931 1027 984 patiantur,
1056 942 1196 984 praeter
1221 931 1426 986 simplicem
1454 936 1698 985 rotationem,

90 990 130 1028 in
156 988 308 1027 caeteris
329 981 523 1024 consistant
554 999 623 1023 nec
648 988 922 1037 perturbentur.
979 989 1107 1036 ltaque
1137 1001 1295 1040 corpora
1325 989 1506 1029 astrorum
1530 995 1570 1030 in
1600 995 1698 1031 orbi-

89 1046 158 1084 bus
187 1042 257 1082 suis
290 1053 471 1091 tanquam
509 1041 618 1079 clavis
647 1041 715 1078 fixa
747 1042 962 1094 posuerunt.
1022 1042 1184 1092 Singulis
1213 1053 1340 1082 autern
1374 1046 1698 1097 declinationibus,

88 1096 370 1143 sufflationibus,
401 1093 707 1147 depressionibus',
745 1094 1014 1133 finuationibus
1043 1097 1209 1146 ipsorum
1237 1109 1296 1136 tot
1329 1098 1488 1139 circulos
1516 1104 1700 1153 perfectos

90 1154 354 1193 convenientis
369 1148 616 1189 crailitudinis
636 1151 898 1197 attribuerunt,
928 1153 1159 1188 circulorum
1174 1165 1309 1190 eorum
1325 1157 1361 1191 ὃς
1382 1167 1544 1195 concava
1559 1161 1595 1196 δε
1609 1172 1699 1197 con-

90 1223 181 1250 vexa
201 1209 348 1258 egregie
368 1217 564 1243 tornantes
594 1209 630 1244 ὃς
654 1206 850 1257 polientes,
880 1216 922 1242 ut
945 1208 984 1243 in
1012 1206 1062 1243 eis
1077 1205 1131 1243 nil
1159 1209 1344 1256 eminens,
1373 1209 1426 1247 nil
1450 1212 1622 1263 asperum
1643 1214 1697 1251 in-

29 1269 33 1272 ’
90 1265 272 1310 veniatur,
301 1261 362 1298 sed
382 1263 475 1298 alter
500 1262 598 1298 inter
616 1262 778 1298 alterum
798 1271 966 1311 receptus
991 1264 1026 1298 δε
1050 1262 1101 1299 ob
1124 1263 1314 1300 laevorem
1338 1266 1459 1303 exacte
1482 1270 1697 1317 contiguus,

92 1323 133 1367 &¹
143 1330 270 1357 tamen
288 1315 360 1354 labi
379 1316 496 1353 facilis
512 1326 662 1353 moveat
686 1314 827 1366 placide
853 1319 890 1354 δ(
912 1316 1082 1364 feliciter,
1111 1329 1206 1365 quae
1234 1318 1459 1357 immortalis
1487 1322 1621 1360 scilicet
1643 1323 1696 1361 in-

91 1372 256 1426 geniatio
280 1372 493 1408 summovet
514 1383 673 1408 ornnem
703 1369 922 1408 violentiam
955 1374 991 1409 &
1019 1371 1353 1421 perturbationem,
1381 1373 1586 1414 individuas
1615 1390 1698 1427 pro-

90 1431 190 1477 festo
214 1427 469 1478 corruptionis
497 1427 746 1476 praenuntias.
803 1428 908 1464 Nam
937 1438 1037 1464 certe
1065 1425 1092 1463 fi
1118 1440 1279 1477 corpora
1306 1439 1421 1477 tanta,
1460 1431 1581 1480 qualia
1615 1433 1699 1472 sunt
1738 1465 1742 1467 .

89 1485 196 1540 globi
224 1484 419 1528 astrorum,
449 1483 597 1519 aethera
625 1481 760 1528 secant,
789 1493 912 1530 neque
941 1492 1068 1519 tamen
1096 1493 1277 1535 perpetuo
1302 1496 1430 1522 meant
1458 1499 1525 1537 per
1553 1488 1700 1526 easdem

91 1537 247 1579 aetheris
269 1547 402 1588 partes,
432 1535 493 1574 sed
513 1549 578 1586 per
605 1547 726 1586 partes
754 1539 791 1574 ὃς
816 1537 948 1573 tractus
977 1538 1092 1586 longe
1117 1537 1292 1585 diversos,
1322 1552 1410 1577 cum
1426 1542 1630 1590 aliquando
1645 1544 1699 1582 su-

89 1607 206 1648 perna
226 1592 414 1638 invadant,
443 1592 648 1641 aliquando
675 1591 797 1629 versus
830 1602 970 1629 terram
997 1591 1236 1641 descendant,
1265 1595 1469 1642 aliquando
1491 1608 1637 1636 vertant
1664 1600 1701 1638 se

92 1652 138 1690 ad
162 1648 336 1693 austrum,
364 1647 569 1695 aliquando
593 1647 637 1684 ad
672 1648 840 1693 boream,
871 1648 1081 1696 periculum
1105 1648 1154 1684 est
1176 1650 1426 1697 proculdubio
1442 1664 1490 1688 ne
1514 1652 1604 1691 fiant
1619 1656 1699 1705 plu-

91 1698 208 1746 rimae
231 1705 270 1741 in
290 1704 403 1739 coelo
425 1698 697 1752 impr-cffiones,
727 1704 763 1738 ὅ(
786 1698 1060 1748 concuffiones,
1091 1705 1127 1740 ὃ(
1143 1705 1468 1755 reciprocationeS,
1497 1709 1534 1744 6<
1553 1708 1698 1758 fluetus,

90 1773 203 1810 atque
226 1759 315 1796 inde
338 1757 538 1807 sequantur
563 1755 875 1795 condensationes
891 1759 928 1794 ὃ(
950 1758 1211 1795 rarefaffioncs
1234 1772 1451 1809 corporum,
1481 1775 1575 1811 quae
1588 1776 1700 1813 gene-

80 1815 297 1856 rationibus
329 1816 367 1850 ὅ(
394 1812 676 1851 alterationibus
704 1813 803 1849 viam
832 1811 1053 1861 praestinent
1087 1816 1125 1851 ὃ(
1161 1816 1394 1863 praestruant.
1451 1818 1700 1871 Qndoqui-

90 1874 180 1912 dem
208 1882 300 1907 vero
327 1881 370 1906 ex
386 1869 593 1906 rationibus
615 1865 782 1917 physicis,
810 1878 920 1916 atque
944 1868 1093 1918 insuper
1126 1881 1167 1906 ex
1187 1870 1460 1919 Phaenomenis
1483 1873 1563 1923 ipsis
1591 1876 1711 1924 plane-

92 1926 275 1966 constabit
299 1923 373 1961 hoc
388 1924 564 1975 posterius
596 1935 729 1961 verum
754 1923 835 1970 effe,
863 1933 976 1971 atque
997 1936 1217 1961 commenta
1239 1927 1303 1963 illa
1326 1926 1449 1976 priora
1468 1930 1701 1968 astronomo-

95 1995 193 2030 rum,
223 1981 269 2017 de
285 1978 417 2029 quibus
438 1977 599 2016 diximus
629 1976 667 2024 (fi
693 1979 775 2026 quis
790 1977 915 2014 sanam
931 1989 1102 2016 mentem
1119 1978 1251 2028 sumat)
1282 1993 1435 2020 naturae
1452 1984 1602 2036 prorsus
1617 1988 1702 2024 illu-

93 2039 182 2077 dere
199 2035 406 2082 videantur,
436 2033 474 2070 &
493 2045 619 2070 rerum
642 2034 873 2084 reperiantur
897 2035 1039 2070 inania:
1067 2034 1363 2075 consentaneum
1379 2038 1438 2086 est,
1469 2050 1510 2077 ut
1533 2042 1646 2077 etiam
1662 2054 1703 2079 o-

93 2095 203 2147 pinio
224 2091 271 2129 de
300 2088 516 2127 aeternitate
543 2088 772 2135 coelestium,
801 2100 896 2137 quac
919 2091 1100 2126 cumillis
1127 2091 1328 2136 conjuncta
1357 2092 1416 2139 est,
1447 2095 1549 2132 idem
1575 2096 1701 2134 subeat

97 2149 292 2197 judicium.
348 2144 465 2198 Qod
490 2142 613 2192 siquis
645 2143 706 2180 hic
734 2143 960 2193 religionem
987 2156 1168 2194 opponat,
1198 2147 1254 2183 illi
1273 2147 1492 2199 responsum
1512 2152 1701 2198 volumus,

98 2204 290 2242 ethnicam
309 2200 521 2246 jactantiam
548 2199 822 2236 tantummodo
845 2198 948 2236 istam
975 2202 1235 2238 aeternitatem
1258 2205 1369 2240 coelo
1390 2203 1459 2242 soli
1486 2207 1702 2253 attribuere,

97 2259 292 2308 scripturas
305 2254 420 2293 sacras
443 2253 700 2291 aeternitatem
718 2264 838 2291 terrae
865 2256 902 2291 ὅ(
925 2256 1036 2291 coelo
1059 2267 1102 2292 ex
1127 2268 1259 2305 aequo.
1318 2260 1456 2308 Neque
1481 2262 1585 2297 enim
1613 2262 1704 2310 legi-

97 2324 160 2352 tur
175 2312 309 2359 solum,
341 2307 464 2349 Solem
481 2305 527 2352 εἴ)
538 2307 667 2346 lunam
678 2315 855 2346 aeternos
865 2305 912 2351 όν
917 2306 1058 2360 fideles
1073 2307 1186 2360 testes
1200 2311 1241 2348 in
1251 2310 1349 2350 coelo
1359 2312 1441 2365 effe,
1471 2315 1533 2352 sed
1548 2317 1584 2352 ὃ(
1595 2317 1703 2364 illud,

100 2366 379 2407 Generationes
387 2361 575 2403 advenire
591 2359 638 2406 ὁ*
653 2363 830 2415 migrare,
860 2370 1005 2402 terram
1013 2371 1142 2402 autem
1155 2365 1198 2403 in
1211 2373 1410 2406 aeternum
1424 2381 1586 2407 manere.
1641 2372 1703 2408 De

98 2434 231 2462 natura
253 2431 381 2459 autern
405 2421 508 2457 labili
537 2422 574 2457 ὃς
591 2419 726 2456 caduca
753 2418 944 2467 utriusque
970 2432 1050 2456 uno
1079 2418 1188 2458 simul
1216 2424 1371 2460 oraculo
1398 2424 1619 2463 conclusum
1635 2427 1702 2464 est:

102 2475 258 2527 Caelum
273 2471 321 2518 dy
331 2482 475 2513 terram
481 2470 716 2526 pertranfire
722 2491 736 2518 5
758 2471 918 2512 verbum
930 2480 1060 2512 autem
1070 2472 1241 2513 Domini
1249 2489 1322 2514 non
1327 2478 1572 2530 pertransii-e.
1628 2483 1703 2519 De-

100 2534 202 2581 inde,
229 2530 256 2569 fi
284 2529 365 2580 quis
384 2530 504 2568 adhue
532 2529 651 2577 instet,
680 2531 808 2578 negari
831 2540 960 2566 tamen
987 2541 1068 2566 non
1088 2531 1200 2580 poffe,
1230 2532 1322 2581 quin
1349 2535 1390 2571 in
1414 2534 1489 2584 ipsa
1512 2536 1704 2585 superficie

99 2589 204 2630 orbis
218 2598 404 2625 terrarum
418 2587 456 2622 &
469 2584 633 2634 partibus
647 2586 840 2636 proximis,
869 2584 1038 2621 infinitae
1052 2584 1142 2622 fiant
1165 2590 1406 2636 mutationes,
1436 2591 1477 2627 in
1495 2592 1606 2628 coelo
1620 2605 1704 2630 non

99 2643 213 2685 item3
241 2642 330 2680 huic
355 2643 407 2678 ita
439 2641 689 2680 occurrimus3
719 2651 789 2676 nec
815 2652 886 2677 nos
911 2640 1000 2678 haec
1023 2652 1086 2689 per
1115 2643 1248 2679 omnia
1274 2653 1443 2692 aequare,
1472 2647 1510 2683 ὃς
1534 2646 1705 2685 tamenfi

100 2700 275 2749 regiones
305 2697 408 2745 (quas
422 2695 572 2743 vocant)
606 2693 835 2744 superiorem
852 2697 890 2732 ὃς
904 2695 1069 2731 mediam
1091 2697 1196 2744 aeris,
1223 2710 1295 2747 pro
1309 2699 1498 2749 superficie
1518 2712 1582 2740 aut
1609 2704 1705 2740 inte·

102 2756 204 2792 riore
221 2754 348 2790 tunica
372 2751 470 2788 coeli
494 2751 727 2799 accipiamus,
756 2750 1081 2798 quemadmodum
1105 2751 1264 2803 spatium
1281 2754 1373 2792 istud
1397 2756 1493 2806 apud
1516 2769 1600 2804 nOS,
1628 2769 1708 2805 quo

102 2809 291 2854 animalia,
320 2807 480 2856 plantae,
509 2807 546 2842 &
565 2806 761 2841 mineralia
784 2806 1042 2853 continentur,
1070 2817 1141 2855 pro
1162 2806 1351 2857 superficie
1373 2813 1433 2849 vel
1455 2813 1639 2849 exteriore
1653 2822 1710 2849 tu-

106 2865 192 2902 nica
212 2873 332 2901 terrae
354 2859 571 2913 accipimus3
600 2861 638 2896 &
659 2859 712 2896 ibi
736 2872 889 2909 quoque
911 2861 1027 2898 varias
1042 2863 1080 2898 ὅ(
1103 2863 1360 2902 multiformes
1382 2868 1642 2915 generationes
1657 2869 1713 2904 in·

105 2919 236 2957 veniri.
292 2918 421 2965 Itaque
443 2916 627 2962 tumultus
641 2914 720 2951 fere
741 2916 869 2952 omnis
895 2917 932 2952 δε
960 2915 1154 2954 conflictus
1178 2921 1215 2955 ὅς
1234 2920 1469 2968 perturbatio
1482 2920 1522 2958 in
1538 2921 1713 2958 confiniis

107 2983 258 3011 tantum
286 2970 382 3009 coeli
413 2973 449 3008 δε
473 2981 593 3007 terrae
620 2970 751 3006 locum
770 2969 906 3007 habere
933 2970 1099 3013 videtum
1129 2982 1170 3010 ut
1195 2974 1237 3011 in
1265 2974 1374 3013 rebus
1396 2976 1566 3013 civilibus
1589 2975 1643 3023 fit,
1671 2978 1714 3014 in

108 3028 244 3077 quibus
267 3027 361 3064 illud
376 3026 593 3077 frequenter
612 3024 679 3062 usu
694 3026 809 3072 venit,
838 3034 880 3062 ut
907 3025 1072 3063 duorum
1100 3039 1308 3078 regnorum
1325 3030 1416 3068 fines
1446 3031 1638 3067 continuis
1652 3032 1714 3068 in-

109 3080 341 3120 cursionibus
368 3083 405 3118 δε
426 3079 614 3119 violentiis
629 3079 860 3126 infestentur,
889 3080 982 3117 dum
1002 3082 1199 3121 interiores
1224 3084 1415 3136 utriusque
1437 3083 1542 3133 regni
1564 3087 1715 3134 provin-

109 3139 190 3176 ciae
217 3136 364 3173 diutina
389 3147 478 3185 paee
491 3135 679 3182 fruuntur,
708 3136 745 3171 ὅ(
769 3134 876 3171 bellis
903 3145 1053 3174 tantum
1065 3140 1303 3187 gravioribus
1326 3141 1364 3176 &
1384 3140 1584 3177 rarioribus
1612 3152 1715 3177 corn-

111 3201 328 3230 moventur.
384 3190 500 3243 Quod
526 3202 619 3230 vero
646 3189 693 3228 ad
718 3190 824 3229 illam
846 3190 1001 3228 alteram
1027 3203 1172 3243 partem
1200 3193 1474 3243 heterogeneae
1502 3193 1718 3233 coelestium

164 3248 229 3286 Vo
238 3257 274 3283 L.
303 3245 347 3284 11.
871 3246 924 3297 Q
938 3257 964 3296 q
1587 3249 1720 3287 attinet

1772 286 1866 346 ,τόξ’
