1973 3570
87 148 189 197 402

486 126 1216 202 MEDITATIONVES
1275 128 1646 180 sAeRAE.

268 227 459 276 audacula,
482 222 523 268 ὅ(
542 226 760 266 insolentia:
789 228 866 275 ejus
879 225 1038 279 denique
1055 225 1351 278 compositionis,
1379 240 1474 276 quae
1488 229 1706 278 prudentiae
1735 232 1771 268 ὅ(
1795 244 1870 282 gra-

270 283 374 325 vitati
388 295 541 322 morum
553 278 801 322 adversissima
815 283 874 320 est.
931 282 1107 320 Secundo
1125 284 1222 320 inter
1240 281 1339 320 viros
1359 281 1545 332 politicos,
1574 283 1637 333 qui
1659 285 1801 323 altioris
1821 286 1874 324 in-

273 338 374 391 genii
389 337 582 377 &latioris
597 336 719 376 cordis
732 337 897 385 fuerunt,
924 337 1149 388 religionem
1164 349 1246 378 non
1260 347 1339 375 arte
1359 338 1519 386 quadam
1538 339 1583 376 ad
1607 341 1791 391 populum
1814 342 1874 378 ad-

273 394 487 441 hibuerunt,
517 393 577 430 sed
589 391 764 430 interiore
773 392 952 442 dogmate
971 394 1134 439 coluere,
1161 402 1204 429 ut
1219 393 1284 441 qui
1295 391 1550 442 providentiae
1561 396 1596 431 ὃ(
1612 394 1784 432 fortunae
1799 396 1876 447 plu-

273 449 413 488 rimum
427 449 638 486 tribuerint.
696 448 842 485 Contra
863 449 929 497 qui
956 448 1094 485 artibus
1113 445 1184 485 suis
1204 449 1242 485 δε
1268 446 1465 494 industriis,
1495 450 1531 484 δε
1554 446 1665 490 causis
1682 451 1877 500 proximis,

273 506 312 541 &
326 503 586 553 apparentibus
599 501 729 540 omnia
743 501 993 553 ascripserunt,
1021 505 1058 541 &
1080 512 1122 540 ut
1145 503 1195 540 ait
1218 503 1409 553 propheta,
1438 499 1584 540 retibus
1602 500 1690 554 fitis
1709 502 1877 542 immola·

274 564 379 606 runt,
398 555 528 610 pustllz'
536 555 705 610 fuerunt
709 555 880 610 politici,
910 553 958 600 ᾤ’
972 554 1274 609 circumforanei,
1306 553 1354 600 dy
1374 555 1655 610 magnitudinis
1683 557 1877 596 astianum

274 614 487 665 incapaces.
543 611 687 658 Tertio,
715 614 755 649 in
771 611 924 664 physicis
950 614 986 650 &
1014 612 1106 650 illud
1126 609 1277 651 affirmo
1292 624 1424 664 parum
1452 611 1707 663 philosophiae
1732 624 1877 653 natuta-

277 667 334 715 lis,
364 670 401 704 ἅ
415 669 455 704 in
471 681 511 705 ea
526 667 755 720 progrefliim
777 669 989 704 liminarem
1004 668 1049 704 ad
1072 666 1295 705 atheismum
1312 665 1509 717 opiniones
1524 666 1717 705 inclinare.
1773 668 1878 705 Con—

278 734 336 760 tra
351 724 516 759 multum
539 721 793 773 philosophiae
821 720 1007 768 naturalis,
1035 724 1072 758 &
1091 721 1321 773 progressum
1344 722 1383 759 in
1398 734 1440 758 ca
1467 732 1725 771 penetrantem
1757 723 1800 759 ad
1826 734 1879 759 re-

278 776 460 827 ligionem
481 778 629 813 animos
643 774 890 813 circumferre.
948 777 1075 828 Qare
1095 775 1294 820 atheismus
1312 776 1481 816 stultitiae
1497 780 1533 815 δε
1559 776 1721 814 inscitiae
1741 777 1881 826 ubique

278 830 467 869 convistus
481 831 549 868 effe
563 829 720 877 videtur,
747 839 790 868 ut
804 831 945 868 merito
959 828 1001 868 sit
1015 830 1171 878 distum,
1198 827 1454 884 inſjpientium
1465 843 1539 870 non
1558 828 1608 884 est
1625 829 1758 870 Deus.

858 979 949 1037 De
979 978 1316 1044 HaerefibUS.

436 1119 628 1177 Erratis
644 1118 870 1183 nascientes
879 1117 1157 1185 stripticras,
1192 1137 1329 1188 neque
1344 1119 1598 1186 potestatem
1618 1121 1726 1168 Dei.

389 1216 571 1257 ANON
598 1216 660 1257 iste
680 1229 798 1258 mater
825 1221 1003 1257 omnium
1030 1231 1223 1260 canonum
1251 1221 1418 1260 adversus
1439 1221 1609 1260 haereses.
1666 1221 1813 1271 Duplex
1831 1233 1885 1259 er·
1943 1238 1947 1250 ·

412 1272 504 1310 roris
516 1272 631 1321 causa,
660 1272 848 1323 ignoratio
870 1274 1072 1314 voluntatis
1086 1276 1171 1322 Dei,
1203 1277 1239 1312 &
1268 1275 1458 1325 ignoratio
1485 1278 1544 1316 vel
1573 1277 1690 1313 levior
1713 1287 1883 1313 contem-

284 1326 403 1381 piatio
429 1326 616 1383 potestatis
642 1327 725 1376 Dei.
780 1330 967 1373 Voluntas
992 1331 1066 1369 Dei
1081 1330 1262 1368 revelatur
1278 1332 1397 1380 magis
1423 1343 1488 1382 per
1510 1330 1714 1381 scripturas,
1731 1330 1887 1383 struta—

285 1382 408 1424 mini3
437 1383 591 1434 potestas
606 1381 721 1432 magis
743 1396 807 1432 per
823 1394 1016 1430 creaturas,
1048 1381 1368 1435 contemplamini.
1425 1387 1479 1423 Ita
1493 1385 1676 1433 afferenda
1689 1385 1893 1437 plenitudo

286 1437 472 1489 potestatis
497 1436 581 1484 Dei,
609 1450 657 1473 ne
676 1439 906 1475 maculemus
920 1439 1167 1475 voluntatem.
1202 1440 1257 1476 Ita
1282 1439 1468 1477 afferenda
1499 1439 1644 1477 bonitas
1671 1439 1887 1487 voluntatis,

286 1505 337 1530 ne
358 1491 569 1528 minuamus
588 1491 817 1541 potestatem.
874 1494 1002 1544 Itaque
1021 1491 1153 1542 religio
1167 1506 1258 1533 vero
1286 1492 1349 1532 sita
1373 1493 1422 1532 est
1449 1494 1489 1533 in
1505 1494 1760 1533 mediocritate
1788 1497 1888 1532 inter

286 1545 584 1596 superstitionem
601 1558 690 1583 cum
713 1545 917 1585 haeresibus
931 1545 1178 1601 superstitiosis
1192 1561 1235 1586 ex
1257 1561 1333 1587 una
1348 1560 1462 1601 parte,
1491 1551 1528 1587 ὃς
1552 1549 1775 1588 atheismum
1799 1560 1888 1587 cum

287 1599 491 1639 haeresibus
504 1599 703 1653 prophanis
731 1614 773 1638 ex
804 1603 929 1639 altera.
986 1601 1198 1652 Superstitio
1224 1603 1413 1654 repudiata
1429 1606 1509 1642 luce
1535 1603 1807 1655 scripturarum,
1838 1605 1888 1641 se—

286 1669 362 1706 que
389 1656 527 1693 dedens
549 1655 807 1694 traditionibus
827 1656 943 1709 pravis
969 1659 1028 1696 vel
1057 1658 1286 1710 apocryphis,
1317 1661 1353 1696 &
1376 1659 1481 1698 novis
1500 1658 1799 1706 revelationibus,
1828 1660 1887 1696 vel

288 1709 382 1748 falfis
398 1709 767 1762 interpretationibus
783 1712 1041 1761 seripturarum
1060 1713 1180 1751 multa
1199 1714 1244 1750 de
1259 1715 1454 1753 voluntate
1475 1715 1549 1752 Dei
1565 1714 1672 1764 fingit
1702 1716 1738 1751 &
1753 1714 1890 1752 somni-

287 1776 338 1813 at,
367 1777 386 1802 a
415 1764 596 1817 scripturis
623 1766 730 1803 devia
757 1768 794 1803 ὃ(
817 1768 947 1804 aliena.
1002 1766 1218 1806 Atheismus
1247 1778 1374 1806 autem
1415 1771 1452 1806 &
1492 1769 1729 1807 theomachia
1759 1779 1890 1807 contra

286 1819 506 1872 potestatem
520 1819 593 1857 Dei
620 1819 778 1870 insurgit
805 1824 843 1860 ὃ(
869 1823 1133 1870 tumultuatur,
1161 1823 1278 1861 verbo
1296 1822 1369 1861 Dei
1395 1836 1477 1862 non
1501 1824 1664 1872 credens,
1693 1824 1798 1873 quod
1825 1837 1890 1862 vo-

284 1877 474 1913 luntatem
490 1876 568 1921 ejus
582 1876 718 1913 revelat
741 1876 792 1913 ob
811 1875 1112 1914 incredulitatem
1126 1876 1310 1927 potestatis
1338 1879 1427 1925 ejus,
1456 1880 1517 1916 cui
1533 1880 1663 1917 omnia
1680 1879 1763 1917 sunt
1778 1875 1890 1929 poffi-

286 1929 385 1967 bilia.
441 1929 613 1967 Haereses
636 1940 762 1968 autem
789 1943 885 1980 quae
912 1944 955 1969 ex
977 1932 1046 1969 isto
1066 1932 1174 1970 fonte
1190 1944 1378 1981 emanant,
1406 1932 1591 1984 graviores
1618 1933 1791 1972 videntur
1815 1946 1905 1982 cae-¹

285 1987 384 2022 teris.
441 1986 546 2023 Nam
569 1987 606 2022 ὃς
630 1986 670 2021 in
701 1984 838 2036 politiis
865 1987 1028 2024 atrocius
1055 1985 1105 2024 est
1138 1987 1356 2037 potestatem
1385 1991 1422 2026 &
1448 1988 1674 2035 majestatem
1706 1988 1891 2036 minuere,

290 2051 406 2088 quam
426 2038 565 2076 famam
594 2038 765 2091 principis
787 2051 932 2079 notare.
987 2040 1197 2080 Haeresium
1218 2053 1342 2080 autem
1365 2054 1458 2092 quae
1477 2043 1694 2095 potestatem
1721 2042 1793 2081 Dei
1820 2046 1890 2080 mi-

292 2104 428 2140 nuunt,
457 2104 599 2145 praeter
613 2094 837 2132 atheismum
849 2108 985 2146 purum
1000 2106 1074 2133 tres
1088 2096 1172 2134 sunt
1186 2098 1332 2147 gradus,
1361 2098 1570 2149 habentque
1587 2110 1707 2135 unum
1730 2100 1766 2135 ὅ(
1786 2098 1890 2137 idem

293 2148 520 2198 mysterium,
558 2147 664 2198 (nam
680 2149 803 2187 omnis
821 2149 1183 2189 antichristianismus
1205 2163 1379 2202 operatur
1405 2154 1445 2191 in
1468 2153 1654 2202 mysterio,
1685 2152 1721 2201 id
1735 2153 1796 2200 est,
1824 2152 1891 2191 sub

294 2202 458 2253 imagine
473 2204 600 2251 boniz)
631 2203 707 2241 hoc
726 2204 859 2254 ipsum,
887 2215 929 2243 ut
943 2207 1179 2243 voluntatem
1194 2206 1265 2244 Dei
1292 2208 1337 2245 ab
1365 2209 1473 2245 omni
1501 2205 1704 2257 aspersione
1731 2206 1891 2245 malitiae

295 2258 436 2296 liberet.
495 2260 641 2296 Primus
668 2260 802 2307 gradus
837 2260 886 2298 cst
924 2272 1071 2309 eorum,
1108 2263 1173 2310 qui
1209 2262 1287 2299 duo
1315 2262 1492 2312 principia
1522 2262 1751 2301 constituunt
1778 2264 1890 2314 paria,

294 2326 337 2350 ac
359 2316 456 2350 inter
486 2314 522 2350 se
554 2316 758 2363 pugnantia
780 2317 816 2352 &
844 2314 1040 2362 contraria,
1075 2329 1196 2354 unum
1218 2316 1323 2358 boni,
1351 2318 1509 2354 alterum
1539 2318 1640 2354 mali.
1699 2318 1890 2355 Secundus

296 2369 425 2416 gradus
439 2366 487 2404 est
505 2380 650 2415 eorum,
679 2367 809 2419 quibus
823 2369 986 2407 nimium
1014 2370 1107 2408 laesa
1129 2372 1275 2409 videtur
1296 2372 1458 2417 majestas
1472 2373 1546 2408 Dei
1568 2373 1609 2409 in
1629 2372 1892 2410 constituendo

295 2422 463 2459 adversus
497 2435 583 2460 eum
604 2425 788 2475 principio
815 2421 1042 2463 affirmativo
1078 2427 1114 2462 &
1139 2426 1273 2464 affivo.
1327 2428 1453 2478 Qiare
1485 2427 1673 2464 exturbata
1693 2426 1757 2464 tali
1783 2427 1888 2465 auda-

295 2477 365 2522 cia,
392 2477 640 2516 nihilominus
668 2479 852 2517 inducunt
883 2490 1014 2517 contra
1041 2481 1168 2517 Deum
1196 2479 1421 2532 principium
1452 2483 1666 2530 negativum
1690 2483 1727 2517 &
1747 2481 1890 2531 privati·

297 2542 399 2567 vum.
455 2533 557 2570 Nam
582 2534 716 2570 volunt
744 2534 813 2571 esse
835 2546 929 2586 opus
954 2532 1061 2586 ipsius
1085 2536 1260 2572 materiae
1279 2538 1315 2573 ὅ(
1347 2546 1535 2573 creaturae
1561 2535 1750 2573 internum
1771 2538 1806 2573 ὅ(
1830 2549 1891 2573 na-

298 2583 418 2620 tivum
447 2588 482 2622 &
510 2586 784 2635 substantivum,
818 2599 858 2627 ut
881 2601 924 2626 ex
949 2589 986 2626 se
1012 2600 1138 2639 vergat
1159 2590 1393 2628 &relabatur
1416 2591 1462 2627 ad
1489 2589 1751 2628 confusionem
1780 2592 1817 2627 ὅ(
1844 2591 1891 2628 ad

299 2637 473 2685 nihilum,
500 2641 700 2680 nescientes
716 2643 880 2688 ejusdem
895 2644 965 2681 effe
985 2644 1284 2694 omnipotentiae
1312 2657 1355 2683 ex
1377 2646 1505 2696 aliquo
1524 2644 1614 2682 nihil
1629 2644 1758 2692 facere,
1786 2646 1891 2692 cujus

300 2705 343 2730 ex
364 2692 482 2730 nihilo
496 2696 645 2743 aliquid.
701 2699 851 2736 Tertius
864 2699 997 2749 gradus
1011 2699 1059 2736 est
1079 2711 1223 2747 corum,
1251 2701 1315 2748 qui
1335 2701 1475 2737 afflant
1502 2703 1538 2737 ὃς
1554 2698 1799 2749 restringuunt
1814 2699 1890 2752 opi-

301 2750 461 2785 nionem
474 2750 638 2797 priorem
660 2761 808 2790 tantum
826 2754 871 2790 ad
895 2754 1059 2791 actiones
1080 2753 1272 2801 humanas,
1300 2767 1393 2806 quae
1416 2755 1635 2805 participant
1662 2766 1704 2791 ex
1724 2766 1890 2804 peccato,

299 2815 390 2853 quas
403 2804 536 2840 volunt
566 2804 790 2853 substantive,
819 2809 953 2859 absone
980 2821 1077 2846 nexu
1100 2808 1228 2857 aliquo
1251 2809 1450 2855 causarum,
1478 2821 1520 2846 ex
1536 2810 1684 2845 interna
1698 2811 1890 2847 voluntate

300 2860 339 2894 &
363 2856 517 2894 arbitrio
545 2858 712 2896 humano
743 2863 916 2910 pendere,
955 2861 1190 2913 statuuntque
1217 2865 1368 2901 latiores
1398 2862 1578 2900 terminos
1616 2862 1785 2901 scientiae
1819 2863 1890 2902 Dei

301 2924 414 2962 quam
438 2911 633 2963 potestatis,
668 2915 725 2950 vel
749 2918 872 2964 potius
895 2918 972 2964 ejus
999 2917 1107 2968 partis
1134 2917 1320 2971 potestatis
1345 2917 1415 2956 Dei
1446 2918 1547 2964 (nam
1574 2919 1609 2954 ὃ(
1636 2917 1710 2969 ipsa
1739 2918 1890 2956 scientia

301 2966 457 3015 potestas
473 2965 538 3016 est)
566 2979 638 3019 qua
665 2967 743 3014 scit,
771 2982 882 3020 quam
913 2973 991 3017 ejus
1013 2985 1084 3024 qua
1111 2976 1293 3011 movet&
1321 2973 1407 3022 agit,
1443 2982 1485 3008 ut
1517 2971 1690 3021 praesciat
1711 2974 1892 3024 quaedam

300 3019 433 3069 otiose,
461 3034 553 3073 quae
574 3034 654 3062 non
674 3024 912 3074 praedestinet
932 3029 968 3065 ὅ(
982 3027 1230 3077 praeordinet.
1287 3028 1334 3065 Et
1354 3038 1435 3065 non
1449 3025 1613 3065 absimile
1630 3027 1677 3065 cst
1693 3028 1895 3078 figmento„

1787 3081 1894 3132 quod
