1973 3570
103 247 198 295 342

447 224 1056 278 PARMENIDIS,
1117 221 1501 278 TELESH,
1550 219 1643 269 8996.

278 335 345 376 per
363 335 453 371 quas
469 322 605 360 scilicet
622 316 778 373 corpora
801 320 926 358 massas
949 318 1019 357 five
1035 316 1343 367 congregationes
1362 318 1521 362 majores
1540 331 1664 356 rerum
1689 313 1879 359 connatuss'

280 379 416 415 ralium
436 388 582 428 petunt,
607 379 647 414 in
668 388 827 425 quarum
842 374 1112 420 observatione,
1140 383 1181 409 ut
1202 374 1240 409 in
1265 372 1427 418 reliquis,
1454 384 1517 409 aut
1546 385 1733 422 nugantur
1748 377 1868 413 homi-
1921 375 1930 383 ”

280 424 359 479 neS,
377 444 440 470 aut
456 433 565 482 plane
585 432 766 468 aberrant.
825 430 958 467 Schola
982 430 1085 465 enim
1106 427 1321 465 communis
1341 425 1424 462 satis
1452 426 1561 464 habet
1585 426 1609 464 fi
1629 439 1779 474 motum
1808 443 1869 468 na-

279 488 438 526 turalem
455 500 474 523 a
490 488 661 523 violento
680 485 876 534 distinguat
893 502 906 526 ,-
936 486 973 520 &
988 481 1108 532 gravia
1123 481 1309 526 deorsum,
1337 481 1430 517 levia
1451 480 1590 518 sursum
1614 483 1703 520 ferri
1731 497 1772 521 ex
1789 497 1870 525 mo·

281 552 325 579 tu
339 543 496 578 naturali
511 539 740 590 pronuntiet.
797 541 941 578 Verum
957 549 1085 587 parum
1105 535 1307 585 proficiunt
1323 535 1367 571 ad
1382 535 1641 585 philosopham
1657 538 1870 584 hujusmodi

282 595 561 645 speculationes.
619 595 682 632 Ista
698 595 802 631 enim
826 604 968 639 natura,
997 604 1064 638 ars,
1093 592 1284 636 violentia,
1305 590 1529 638 compendia
1549 592 1747 631 verborum
1775 592 1879 642 sunt,

282 653 321 688 ὅ(
335 662 466 700 nugae.
522 650 743 688 Debuerunt
759 658 883 685 autem
897 648 997 685 hunc
1012 656 1164 682 motum
1178 656 1259 681 non
1280 654 1430 681 tantum
1459 644 1504 681 ad
1525 657 1696 683 naturam
1724 648 1882 697 referre,⁴

286 704 350 742 sed
373 704 483 742 etiam
503 703 676 741 affectum
693 705 730 740 &
742 704 952 753 appetitum
967 701 1224 750 particularem
1252 700 1289 736 δε
1310 701 1504 750 proprium
1518 703 1685 751 corporis
1699 705 1875 747 naturalis

284 760 327 797 in
342 759 415 796 hoc
430 758 511 809 ipso
527 768 635 794 motu
655 768 842 805 quaerere.
900 758 995 793 Sunt
1010 757 1114 791 enirn
1130 757 1167 791 ἃ
1181 754 1243 789 alii
1258 763 1385 790 motus
1400 756 1611 802 complures
1631 759 1813 799 naturales
1828 771 1872 796 ex

283 809 513 866 pastionibus
534 824 662 848 rerum
685 813 800 858 longe
815 807 968 846 diverfis.
1026 810 1151 856 Itaque
1180 819 1235 843 res
1258 806 1462 844 secundum
1485 807 1712 848 differentias
1739 823 1873 864 propo-

287 868 411 906 nenda
426 866 484 903 est.
541 868 646 918 Qun
662 868 698 902 ὅ(
715 862 777 915 ipfi
791 863 845 900 illi
860 874 999 909 motu3‚
1015 875 1110 911 quos
1124 863 1311 899 violentos
1323 863 1520 910 appellant,
1536 867 1652 913 magis
1671 865 1874 905 secundum

286 932 460 959 naturam
476 921 653 972 appellari
674 915 828 969 possint,
849 930 961 966 quam
977 916 1039 954 iste
1059 929 1173 966 quem
1182 928 1319 954 vocant
1342 918 1570 959 natural‘cnn
1600 917 1624 955 si
1643 918 1682 957 fit
1697 922 1788 958 illud
1801 935 1874 960 ma-

287 977 342 1025 gis
357 975 562 1012 secundum
577 984 747 1011 naturam
762 973 866 1022 quod
881 973 929 1010 est
944 972 1088 1019 fortius,
1113 982 1173 1008 aut
1194 974 1305 1009 etiam
1322 971 1426 1020 quod
1446 971 1494 1008 est
1521 975 1636 1022 inagis
1664 988 1706 1011 cx
1733 976 1876 1016 ratione

286 1028 458 1068 universi.
515 1031 618 1068 Nam
633 1039 759 1065 motus
777 1027 839 1065 iste
854 1026 1016 1065 ascensus
1037 1029 1073 1064 ὃ(
1095 1026 1297 1073 descensus,
1326 1038 1406 1063 non
1429 1027 1636 1065 admodum
1657 1031 1877 1080 imperiosus

286 1082 348 1131 est,
372 1096 442 1121 nec
466 1085 580 1121 etiam
595 1080 828 1128 univerfialis,
853 1082 915 1119 sed
937 1092 1116 1130 tanquam
1138 1083 1376 1132 provincialis
1397 1083 1432 1117 &
1454 1081 1657 1119 secundum
1681 1088 1876 1134 regiones5

288 1141 383 1188 quin
403 1140 439 1175 ὃ(
462 1140 544 1175 aliis
570 1139 735 1176 motibus
754 1137 962 1185 obsequens
987 1139 1024 1174 ὅς
1043 1135 1232 1181 subjeaus.
1290 1136 1406 1188 Quod
1433 1148 1523 1173 vero
1545 1139 1668 1186 gravia
1700 1140 1877 1180 deorsum

288 1194 381 1231 ferri
405 1194 522 1240 aiunt,
546 1194 640 1230 levia
669 1191 824 1238 sursum,
853 1191 955 1229 idem
976 1191 1024 1229 est
1046 1203 1087 1227 ae
1115 1188 1140 1227 fi
1167 1191 1345 1237 dicerent,
1374 1192 1495 1239 gravia
1529 1192 1597 1229 ess'e
1625 1193 1756 1242 gravia,
1785 1197 1879 1234 levia

287 1249 395 1286 levia.
451 1248 567 1300 Quod
588 1249 691 1284 enim
714 1247 944 1296 praedicatur
973 1246 1011 1283 id
1035 1258 1077 1282 ex
1097 1247 1132 1282 vi
1154 1245 1228 1294 ipsa
1248 1247 1402 1282 termini
1429 1247 1469 1282 in
1493 1245 1657 1292 subjee‘to
1672 1249 1875 1290 assumitur.

290 1304 332 1341 Si
347 1313 437 1339 vero
458 1314 523 1352 per
539 1314 647 1352 grave
666 1301 835 1347 densum,
858 1313 923 1350 per
938 1302 1018 1338 leve
1033 1312 1156 1337 rarum
1183 1300 1410 1349 intelligunt,
1433 1311 1661 1348 promovent
1690 1305 1878 1354 nonnihil,

289 1358 342 1394 ita
355 1367 483 1394 tamen
499 1368 538 1394 ut
559 1357 604 1394 ad
618 1357 832 1400 minucium
853 1358 889 1394 ὅ(
904 1357 1165 1392 concomitans
1189 1357 1326 1406 potiuS‚
1347 1366 1460 1403 quam
1481 1356 1525 1392 ad
1541 1356 1686 1393 eausam
1714 1366 1793 1396 rem
1818 1362 1879 1398 de-

289 1411 439 1449 ducant.
495 1410 572 1463 Qi
586 1423 675 1449 vero
689 1410 857 1461 gravium
872 1411 1078 1458 appetitum
1094 1410 1143 1445 ita
1160 1408 1353 1458 explicant,
1383 1419 1423 1446 ut
1438 1409 1482 1445 ad
1498 1421 1670 1448 centrum
1684 1423 1798 1451 terrae
1815 1416 1878 1454 illa

289 1465 380 1504 ferri
395 1466 639 1511 contendant,
659 1466 753 1502 levia
770 1475 810 1502 ut
825 1464 871 1501 ad
891 1463 1230 1500 circumferentiam
1257 1465 1293 1499 &
1310 1465 1495 1501 ambitum
1515 1467 1625 1512 coeli,
1644 1476 1822 1515 tanquam
1832 1471 1883 1508 ad‘

289 1521 375 1558 loca
389 1518 535 1571 propria
547 1537 562 1562 ‚-
591 1519 748 1557 afferunt
770 1529 869 1556 certe
893 1517 1043 1566 aliquid,
1064 1528 1174 1566 atque
1197 1519 1310 1555 etiarn
1334 1519 1379 1555 ad
1408 1518 1552 1555 causam
1580 1521 1773 1566 innuunt;
1804 1525 1879 1563 ‘sed

290 1576 457 1612 omnino
471 1585 676 1625 perperam.
733 1572 825 1610 Loci
839 1574 943 1610 enim
959 1569 1082 1610 nullae
1099 1572 1182 1609 sunt
1202 1574 1306 1619 vires,
1325 1585 1447 1622 neque
1461 1585 1593 1623 corpus
1607 1574 1671 1612 nifi
1685 1589 1705 1613 a
1718 1586 1880 1630 corpore

289 1630 439 1680 patitur,
464 1638 575 1677 atque
591 1627 714 1666 omnis
728 1629 901 1665 incitatio
924 1628 1101 1680 corporiS,
1126 1637 1219 1675 quae
1234 1626 1378 1666 videtur
1397 1628 1466 1666 effe
1480 1628 1526 1666 ad
1547 1629 1582 1666 se
1596 1632 1877 1681 collocandum,

289 1682 427 1733 appetit
442 1693 552 1731 atque
568 1684 738 1721 mollitur
752 1683 1091 1734 configurationem
1106 1681 1226 1720 versus
1255 1683 1356 1722 aliud
1378 1694 1525 1733 eorpu5‚
1557 1696 1639 1722 non
1662 1687 1883 1738 collocatio-¹

291 1750 384 1777 nem
399 1748 460 1778 aut
476 1735 587 1777 fitum
601 1735 819 1791 simplicem.
1838 1751 1843 1754 -

291 1913 456 1972 Scala
483 1912 806 1988 intelleaeJus‚
846 1914 964 1994 five
996 1913 1162 1989 filum
1194 1912 1530 1996 Labyrinthi
1542 1939 1561 1970 .·
1622 1917 1787 1996 Qae
1813 1914 1885 1994 cst

586 1998 999 2079 Instauratiom‘s
1026 2001 1278 2080 Magnae
1306 2002 1460 2057 Pars
1482 2000 1587 2059 IV.
1802 2008 1814 2029 ⁵

425 2152 708 2190 IFFICILIS
745 2151 828 2189 sane
858 2151 957 2190 foret
984 2149 1217 2203 reprehensio
1245 2163 1390 2198 eorum,
1422 2150 1554 2200 quibus
1582 2151 1675 2190 nihil
1699 2151 1777 2190 sciri
1807 2154 1881 2206 pla-

296 2150 415 2257 D
444 2208 534 2253 cuit,
557 2204 582 2244 fi
613 2207 805 2244 decretum
833 2207 969 2245 durum
1003 2207 1311 2256 interpretatione
1335 2206 1513 2244 molliore
1540 2208 1786 2248 correxissent.
1843 2206 1902 2245 Si.

293 2263 376 2309 quis
395 2263 499 2299 enim
513 2261 648 2308 afferat,
669 2261 741 2298 hoc
757 2260 876 2310 ipsum
893 2261 983 2299 scire
999 2261 1096 2298 reste
1111 2271 1316 2311 acceptum,
1346 2261 1415 2298 ess'e
1442 2273 1507 2313 per
1534 2262 1652 2299 causas
1673 2262 1774 2309 scire,
1800 2274 1879 2301 cau—

294 2315 417 2353 sarum
435 2326 561 2353 aurem
574 2317 838 2366 cognitionem
857 2315 1018 2366 gliscere,
1034 2318 1070 2353 ὅ(
1090 2316 1179 2353 serie
1203 2319 1239 2353 &
1259 2317 1373 2354 veluti
1401 2326 1530 2354 catena
1548 2327 1724 2367 perpetua
1749 2317 1795 2355 ad
1814 2330 1879 2356 no·

296 2366 435 2407 tiffima
449 2381 598 2408 naturae
617 2371 799 2418 scandere,
829 2372 926 2408 adeo
947 2381 988 2408 ut
1009 2372 1284 2419 particularium
1312 2382 1438 2408 rerum
1460 2371 1643 2420 cognitio,
1671 2371 1805 2421 absque
1824 2385 1880 2410 ex-

298 2425 376 2461 acta
395 2424 580 2463 universae
607 2437 757 2464 naturae
777 2423 1123 2476 comprehensione,
1148 2427 1298 2478 proprie
1314 2437 1395 2463 non
1416 2425 1646 2467 absolvatur3
1679 2438 1760 2464 non
1775 2426 1883 2465 facile

295 2479 473 2526 invenias,
491 2481 595 2528 quod
618 2480 708 2518 sano
730 2492 817 2518 cum
841 2479 982 2527 judicio
1002 2481 1206 2517 contradici
1231 2476 1356 2532 possit.
1413 2481 1516 2518 Nam
1533 2483 1568 2518 ὃ(
1584 2493 1706 2519 veram
1729 2483 1883 2527 alicujus

296 2533 348 2568 rei
369 2532 555 2570 scientiam
573 2535 699 2573 haberi
724 2535 836 2585 posse,
859 2546 1059 2584 antequam
1079 2547 1186 2571 mens
1213 2537 1254 2572 in
1283 2533 1472 2573 causarum
1501 2537 1746 2587 explicatione
1773 2538 1883 2585 plane

299 2585 478 2632 consistat,
494 2591 617 2627 minus
641 2590 960 2631 consentaneum3
1002 2592 1038 2627 &
1055 2589 1259 2639 perfestum
1279 2587 1438 2628 universi
1467 2589 1726 2639 cognitionem
1753 2590 1882 2629 huma-

297 2653 369 2678 nae
388 2651 538 2679 naturae
566 2646 766 2683 attribuere
794 2655 904 2694 atque
936 2646 1096 2689 asserere,
1116 2646 1357 2682 temerarium
1384 2644 1533 2682 fortass'e
1557 2645 1746 2693 quiddam,
1771 2656 1884 2694 atque

289 2695 520 2744 impotentis
539 2699 725 2744 cujusdam
739 2698 855 2737 animi
873 2699 1012 2736 censeri
1027 2695 1152 2750 possit.
1210 2699 1354 2738 Verum
1377 2698 1432 2736 illi
1456 2710 1599 2746 contra,
1629 2700 1731 2736 nulla
1759 2699 1880 2746 hujus-

298 2751 407 2786 modi
443 2747 495 2787 usi
529 2749 834 2802 interpretatione
855 2764 918 2792 aut
952 2754 1224 2801 moderatione,
1262 2753 1434 2791 sensuum
1457 2756 1604 2791 oracula
1626 2753 1771 2802 prorsus
1799 2766 1882 2804 pro-

299 2804 461 2857 phanare
481 2817 561 2842 non
576 2809 685 2844 veriti
701 2809 796 2857 sunt,
819 2809 924 2857 quod
939 2821 1027 2846 cum
1043 2808 1187 2846 summa
1215 2821 1340 2846 rerum
1356 2807 1612 2858 desperatione
1638 2810 1884 2854 conjunctum

299 2858 360 2897 est.
416 2860 531 2912 Quod
546 2858 572 2896 fi
585 2872 715 2899 verum
734 2866 900 2901 omnino
919 2863 1121 2901 dicendum
1137 2861 1177 2900 fit
1192 2880 1207 2906 3
1249 2861 1388 2901 etiamsi
1416 2864 1462 2900 ab
1489 2863 1557 2899 hac
1576 2863 1762 2900 calumnia
1781 2865 1882 2902 absti-

291 2913 474 2961 nuissent,
495 2925 623 2952 tamen
639 2915 727 2953 haec
741 2918 814 2968 ipsa
829 2920 872 2955 lis
887 2917 1140 2970 intempestive
1165 2920 1201 2955 ὅ(
1218 2918 1454 2955 contentiose
1476 2928 1580 2954 mota
1594 2917 1772 2965 videatur,
1794 2930 1883 2957 cum

301 2970 394 3005 citra
407 2968 508 3006 istam
535 2981 649 3018 quam
671 2971 878 3021 intelligere
896 2973 1070 3010 videntur
1096 2969 1309 3024 ipsissimam
1323 2972 1528 3018 veritatem,
1549 2981 1672 3009 tantus
1699 2972 1884 3012 humanae

292 3021 495 3072 ,industriae
513 3034 633 3076 pateat
655 3036 815 3076 campus,
843 3037 885 3063 ut
913 3026 954 3064 fit
982 3039 1039 3064 res
1071 3027 1296 3076 praepostera
1322 3028 1360 3064 δε
1384 3023 1481 3073 quafi
1501 3028 1637 3063 mentis
1664 3038 1882 3069 commotae

302 3079 340 3126 ὃς
357 3079 601 3128 perturbatae,
623 3079 670 3117 de
695 3078 866 3117 extremis
888 3080 1103 3118 obtinendis
1130 3080 1330 3127 solicitum,
1356 3090 1474 3117 tantas
1498 3081 1537 3117 in
1559 3079 1788 3135 medioxfitas
1811 3084 1881 3127 uti-

295 3132 739 3185 litates‘praetermittere.
794 3136 898 3175 Nam
926 3145 1117 3184 utcunque
1137 3147 1204 3187 per
1223 3136 1299 3175 veri
1331 3136 1367 3173 ὅ(
1381 3133 1581 3188 probabilis
1596 3134 1880 3183 distiner1011em,

1713 3189 1881 3228 scientiae
