1973 3570
145 204 206 248 80

488 191 903 242 HISTORIA
955 183 1211 234 DENSI
1271 180 1372 230 ET
1431 174 1650 228 R‘YaRI.

336 295 399 333 26.
431 294 647 331 Sunonizs
674 289 714 326 in
739 288 973 333 animalibus,
1004 297 1068 335 per
1089 291 1241 320 morum
1260 281 1421 319 dilatatis
1445 280 1644 331 spiritibus,
1674 289 1785 329 atque
1807 281 1873 318 hu-

286 349 456 388 moribus
474 347 588 384 vcluti
610 343 821 393 liquefaffis,
849 343 1088 393 proveniunt.
1498 391 1504 396 .

342 413 404 452 27.
435 404 461 440 P
472 411 618 438 ULSUS
635 399 758 435 cordis
773 400 809 434 ὃ(
824 397 1043 433 arteriarum
1059 396 1098 430 in
1117 391 1339 429 animalibus
1354 389 1394 427 fit
1415 400 1480 441 per
1495 392 1738 438 irrequietam
1751 389 1878 449 d'rlata-

288 462 436 498 tionem
457 455 664 504 spirituum,
694 455 730 490 &
744 461 934 499 receptum
956 449 1133 500 ipsorum,
1161 458 1226 498 per
1242 447 1349 482 vices.
1616 501 1622 506 -
1814 451 1817 453 “

313 516 315 519 “
346 512 409 550 28.
438 512 572 560 Qum
606 511 642 545 ὃ(
670 517 797 543 motus
816 505 1050 543 voluntarius
1077 501 1115 538 in
1141 500 1375 545 animalibus,
1403 499 1468 547 qui
1497 500 1688 548 expeditur
1720 500 1773 546 (in
1800 512 1879 550 per-

287 565 516 611 femoribus>
538 575 601 614 per
630 573 776 607 nervos,
812 560 957 597 videtur
984 557 1147 594 radicem
1174 555 1309 592 habere
1336 556 1377 591 in
1397 550 1675 604 compreffione
1702 557 1881 604 primum,

290 621 427 661 deinde
448 619 674 655 relaxatione
691 615 898 667 spirituum.
1342 665 1348 670 .
1433 664 1439 670 ι
1564 663 1575 667 -
1645 666 1652 671 ,
1804 617 1812 622 '⁴

349 686 412 722 29.
442 674 493 710 IN
515 673 622 709 omni
644 667 862 707 contusione
881 667 1043 704 membri
1064 666 1216 711 alicujus
1235 665 1275 702 in
1291 663 1524 708 animalibus,
1554 667 1717 711 lequrtur
1732 673 1884 701 tumor:

292 731 399 769 Idem
417 729 540 765 evenit
561 728 600 762 in
620 724 802 777 plerisque
822 722 1028 759 doloribus.

351 794 413 833 30.
445 781 636 818 Acurm
657 777 848 829 vesparum
864 779 901 813 &
921 787 1031 824 apum
1047 774 1229 818 majorem
1251 772 1433 810 inducunt
1453 783 1659 820 tumorem,
1688 783 1801 822 quam
1815 783 1887 823 pro

293 837 457 876 inflictu:
488 834 528 871 ld
547 835 672 870 multo
692 833 809 880 magis
824 831 963 867 faciunt
983 829 1204 878 punstiones
1219 826 1444 876 serpentum.

353 902 373 942 3
385 902 416 928 1.
446 890 475 926 E
487 900 510 925 T
522 900 535 925 1
545 898 613 925 AM
629 888 757 926 urtica,
787 885 957 934 bryonia,
986 885 1023 920 ὃ(
1037 883 1107 919 alia
1122 882 1319 928 nonnulla,
1347 882 1470 919 levant
1486 891 1624 929 cutem,
1653 884 1689 920 &
1703 879 1833 921 vestcas
1847 884 1891 927 in2

295 947 362 984 illa
376 942 534 981 causant.

351 1009 415 1049 32.
446 997 685 1034 Haemon
708 1005 778 1044 pro
793 993 957 1031 evidenti
972 989 1078 1040 signo
1099 992 1248 1036 veneni,
1280 988 1508 1040 (praesertim
1526 991 1603 1034 ejus
1624 992 1770 1039 generis
1785 993 1891 1041 quod

295 1062 470 1106 operatur
499 1062 542 1087 ex
571 1051 747 1099 qualitate
774 1049 950 1097 maligna,
988 1058 1069 1085 non
1099 1058 1164 1097 per
1193 1043 1430 1093 erofionem‚)
1470 1043 1496 1081 fi
1524 1044 1633 1082 facies
1666 1055 1728 1083 aut
1758 1058 1893 1099 corpus

297 1104 530 1146 intumescat.

355 1171 418 1212 33.
447 1161 500 1197 IN
515 1157 797 1198 veficationibus
817 1157 907 1194 colli
927 1166 989 1193 aut
1006 1155 1153 1192 alterius
1173 1154 1324 1200 alicujus
1340 1155 1462 1202 partJS,
1491 1166 1584 1202 quae
1604 1154 1827 1193 adhibentur
1846 1157 1894 1194 ad

299 1217 510 1254 curationes
536 1214 774 1258 morborum,
801 1211 948 1261 affurgit
974 1209 1112 1247 humor
1133 1221 1281 1257 aqueus,
1309 1207 1380 1247 five
1405 1208 1523 1255 ichor,
1553 1210 1617 1258 qui
1645 1208 1779 1260 postea,
1808 1222 1894 1250 cute

300 1269 400 1309 sciffa
413 1279 475 1307 aut
490 1269 635 1318 pune'ta,
665 1263 797 1304 effluit.
1749 1271 1751 1275 ·

357 1334 419 1375 34.
451 1324 624 1360 OMNES
648 1320 807 1371 pustulae
837 1332 879 1357 ex
911 1318 1013 1356 causa
1038 1320 1196 1364 interna,
1238 1320 1274 1354 ὃς
1300 1316 1514 1363 hujusmodi
1541 1313 1833 1359 efflorescentiae
1859 1323 1897 1361 ὅ(

299 1378 534 1431 apostemata,
564 1377 747 1414 inducunt
762 1386 930 1412 tumores
950 1383 1175 1423 apparente8‚
1207 1374 1243 1408 ὅ(
1263 1371 1453 1410 sublevant
1469 1382 1605 1409 cutem.

358 1443 421 1484 35.
451 1434 698 1470 IRACUNm
708 1442 735 1467 A
747 1429 871 1468 subito
885 1426 1125 1466 effervescens
1139 1427 1192 1474 (in
1207 1425 1420 1476 nonnullis)
1433 1426 1539 1464 inflat
1554 1428 1705 1466 buccas:
1730 1425 1901 1470 similiter

303 1489 343 1526 &
357 1485 474 1525 fastus.
1722 1498 1725 1501 ·

360 1544 425 1592 36.
453 1543 595 1579 RANA
605 1552 627 1578 E
638 1542 673 1577 &
686 1539 844 1577 bufones
859 1546 1027 1577 tument;
1043 1539 1080 1574 &
1092 1537 1286 1587 complura
1296 1537 1470 1573 animalia
1481 1548 1545 1587 per
1557 1536 1739 1576 ferociam
1750 1541 1901 1590 erigunt

306 1596 427 1633 cristas
457 1598 493 1632 ὃς
522 1597 619 1644 pilos
648 1597 685 1632 ὅ(
715 1596 881 1646 plumas:
922 1592 1025 1641 quod
1056 1591 1098 1629 fit
1126 1603 1168 1629 ex
1199 1591 1459 1629 contraCtione
1487 1593 1581 1630 cutis
1611 1605 1676 1643 per
1703 1604 1900 1634 tumorem

304 1650 512 1701 spirituum.

359 1714 422 1755 37.
454 1705 625 1750 GALLI,
662 1715 757 1752 quos
783 1703 944 1749 Indicos,
973 1702 1035 1738 alii
1059 1702 1241 1738 Turcieos
1269 1710 1417 1748 vocant,
1455 1702 1551 1748 irati,
1589 1714 1820 1755 magnopere
1844 1714 1901 1744 tu-

304 1769 425 1806 ment,
463 1761 499 1796 &
528 1770 667 1808 pennas
691 1768 869 1806 tanquam
899 1757 1001 1803 jubas
1026 1757 1185 1805 erigunt.
1241 1755 1343 1793 Aves
1372 1768 1459 1793 cum
1484 1756 1708 1806 dormitant,
1745 1760 1903 1799 dilatato

306 1814 448 1864 spiritu,
477 1825 541 1862 per
557 1822 747 1864 receptum
762 1813 896 1849 caloris
911 1812 955 1848 ad
971 1812 1163 1857 interiora,
1192 1809 1370 1847 nonnihil
1385 1821 1546 1848 tument.
1837 1828 1839 1830 ·

363 1879 383 1918 3
392 1868 426 1905 8.
457 1868 510 1905 IN
524 1869 632 1904 omni
645 1869 740 1904 carie
753 1869 790 1904 ὅ(
800 1867 997 1916 putredine
1009 1864 1214 1902 tumescere
1226 1866 1412 1914 incipiunt
1425 1866 1570 1915 spiritus
1581 1868 1750 1920 corporis
1762 1870 1904 1912 innati3

307 1934 469 1970 cumque
489 1922 534 1959 ad
557 1923 697 1959 exitum
720 1930 933 1971 properant,
963 1920 1111 1958 solvunt
1133 1922 1169 1957 &
1183 1920 1340 1957 alterant
1360 1922 1414 1957 rei
1429 1932 1672 1979 compagem3
1702 1926 1740 1961 ὃς
1760 1922 1787 1960 fi
1801 1936 1904 1962 com·

308 1989 417 2027 pages
440 1978 493 2013 rei
508 1975 548 2013 fit
571 1978 682 2025 paulo
703 1978 872 2013 tenacior
888 1978 924 2012 ὅ(
943 1972 1127 2021 viscosior,
1156 1983 1197 2011 ut
1219 1975 1318 2011 exire
1337 1987 1418 2011 non
1439 1973 1601 2024 poss1nt5
1630 1989 1746 2016 novas
1761 1978 1905 2017 formas

309 2032 532 2077 moliuntur,
562 2041 602 2068 ut
626 2032 666 2068 in
693 2031 881 2069 vermibus
903 2042 923 2067 e
943 2029 1140 2081 putredine
1164 2031 1284 2066 natis:
1322 2028 1385 2067 sed
1404 2030 1601 2069 exordium
1629 2033 1785 2070 aetionis
1810 2032 1860 2071 est
1883 2046 1906 2072 a

310 2087 530 2123 dilatatione
545 2084 751 2134 spirituum.

367 2150 430 2190 39.
461 2141 499 2178 N
511 2151 635 2190 EQUE
659 2140 804 2190 spiritus
828 2142 867 2177 in
892 2139 1090 2191 putredine
1112 2139 1300 2178 cohibitus
1324 2149 1474 2178 tantum
1493 2141 1652 2179 molitur
1670 2143 1910 2192 animalcula,

311 2206 441 2232 verum
459 2196 495 2231 ὅ(
511 2195 723 2232 rudimenta
737 2197 946 2244 plantarum
961 2209 968 2232 ε
990 2205 1030 2232 ut
1045 2194 1272 2244 conspicitur
1288 2196 1328 2232 in
1343 2194 1486 2243 musco,
1506 2198 1543 2233 ὅ(
1557 2196 1710 2235 hirsutie
1725 2198 1906 2237 arborum

311 2249 593 2286 nonnullarum.
649 2250 815 2286 Memini
835 2262 897 2286 me
912 2259 1105 2298 expertum
1128 2249 1210 2296 effe,
1238 2249 1321 2287 casu
1343 2251 1521 2299 quodam,
1550 2263 1632 2288 non
1655 2252 1702 2289 de
1717 2252 1906 2302 industria,

312 2303 417 2350 quod
440 2315 523 2339 cum
541 2303 674 2342 aestivo
698 2314 871 2354 tempore
886 2306 1029 2341 malum
1050 2305 1215 2351 citrium,
1244 2316 1286 2342 ex
1301 2313 1403 2356 parte
1428 2304 1578 2351 festum,
1607 2306 1648 2343 in
1668 2309 1837 2347 conclavi
1852 2320 1908 2346 re·

314 2355 510 2403 liquiffem,
538 2356 616 2405 post
634 2358 728 2396 duos
749 2358 891 2396 menses
916 2359 1044 2397 inveni
1064 2360 1105 2394 in
1127 2369 1230 2407 parte
1245 2358 1337 2395 festa
1361 2359 1600 2408 putredinem
1622 2363 1811 2409 quandam
1824 2373 1906 2412 ger-

317 2412 550 2451 minantcm5
579 2411 672 2448 adeo
691 2422 731 2448 ut
751 2414 791 2449 in
811 2414 952 2462 capillis
972 2411 1190 2461 quibusdam
1212 2423 1405 2462 exurgeret
1427 2414 1471 2450 ad
1487 2415 1726 2453 altitudinem
1747 2417 1909 2469 pollicis,

316 2465 361 2501 ad
382 2466 518 2510 minim,
547 2475 656 2514 atque
679 2467 720 2503 in
740 2466 952 2504 summitate
972 2467 1195 2517 capillorum
1217 2465 1450 2516 fingulorum
1470 2468 1644 2508 ascivisset
1662 2480 1772 2524 caput
1791 2472 1910 2521 quodq

317 2520 416 2564 dam,
445 2519 552 2556 instar
567 2522 694 2571 capitis
714 2519 832 2570 pufilli
848 2523 963 2561 clavi3
991 2523 1100 2571 plane
1115 2522 1298 2571 incipiens
1318 2522 1458 2561 imitari
1477 2524 1655 2574 plantam.

369 2583 436 2621 40.
467 2575 751 2621 SIMILITER,
788 2576 978 2623 rubigines
1002 2575 1097 2613 fiunt
1120 2577 1161 2612 in
1188 2576 1361 2623 metallis,
1391 2579 1428 2614 ὅ(
1452 2580 1552 2616 vitro
1576 2581 1613 2616 &
1637 2577 1829 2628 similibus,
1864 2593 1910 2622 ex

317 2626 535 2665 dilatatione
564 2628 709 2679 spiritus
734 2631 866 2676 innati,
895 2630 959 2678 qui
987 2629 1174 2677 tumescit,
1202 2632 1239 2667 &
1264 2641 1371 2680 urget
1397 2643 1517 2682 partes
1541 2630 1744 2682 minores,
1780 2635 1917 2686 easque«

316 2692 403 2719 ante
418 2681 454 2718 se
474 2683 561 2731 agit,
589 2685 626 2719 ὅς
639 2684 812 2730 extrudit,
840 2694 881 2720 ut
897 2694 1009 2721 exeat.
1671 2704 1674 2706 v

371 2747 438 2785 41.
472 2737 665 2776 UTRUM
692 2748 791 2775 terra
819 2740 859 2774 in
885 2737 1074 2789 superficie
1101 2738 1294 2786 tumescat,
1333 2740 1548 2792 praesertim
1576 2743 1641 2780 ubi
1666 2744 1797 2793 glebae
1824 2743 1910 2783 sunt

317 2789 533 2844 spongiosae
554 2792 590 2829 ὅ(
615 2803 732 2838 cavae,
760 2792 1040 2840 inquirendum.
1097 2794 1213 2831 Certe
1241 2796 1485 2834 inveniuntur
1507 2797 1733 2847 quandoque
1755 2797 1795 2836 in
1819 2798 1911 2846 ejus-

318 2845 423 2882 modi
438 2845 555 2895 glebis
575 2846 722 2887 arbores
742 2847 848 2883 instar
865 2847 1050 2884 malorum
1075 2850 1239 2895 navium,
1267 2861 1361 2897 quae
1381 2850 1446 2888 sub
1460 2861 1557 2888 terra
1577 2852 1785 2889 nonnullos
1798 2853 1915 2902 pedes

319 2899 359 2933 in
374 2900 490 2936 altum
510 2900 631 2945 jacent
654 2900 842 2938 demersae
856 2904 892 2938 ὃ(
912 2901 1092 2950 sepultae:
1122 2913 1162 2940 ut
1186 2902 1383 2942 verisimile
1397 2903 1439 2942 fit
1461 2905 1611 2943 arbores
1625 2907 1706 2943 illas
1727 2918 1793 2956 per
1816 2917 1912 2946 tem-

318 2949 474 3047 pcisllatZ
483 2953 586 3046 {nimi
601 2955 696 2993 olim
707 2955 881 3009 dejesta&
902 2956 1024 3007 postca
1035 2968 1137 3007 vcro,
1146 2959 1346 3000 attollente
1355 2959 1391 2999 se
1401 2960 1581 3011 paulatim
1593 2969 1704 3010 terra,
1716 2971 1913 3013 coopertas

338 3019 374 3046 ul
403 3019 423 3047 e
504 3020 573 3059 epu
590 3019 652 3049 tas.

1761 3081 1828 3122 42.
1846 3070 1922 3115 Ar,
