1973 3570
6 506 8 530 l

159 252 682 300 DESCRIPTIO
722 255 947 300 GLOssl
986 253 1629 307 INTELLECTUAL,

108 372 192 398 tuus
217 355 286 397 five
308 362 513 398 continuus
544 360 650 405 fluor,
676 373 722 397 an
751 373 841 397 vero
875 360 1016 397 constet
1051 373 1092 398 ex
1115 361 1281 410 pluribus
1310 360 1507 410 contijauis.
1567 367 1704 415 Neque

104 428 196 452 vero
216 414 381 452 nostrum
398 416 442 452 eil
460 415 506 451 de
522 417 641 451 verbis
657 418 829 465 argutari,
862 415 922 452 sed
946 415 1190 465 intelligimus
1219 428 1283 465 per
1307 419 1546 466 contiguum,
1571 433 1704 473 corpus

104 471 207 518 quod
227 470 421 521 superjacet
437 483 505 507 nee
522 470 696 506 miscetur
714 484 720 506 :
751 483 873 521 neque
889 470 1009 507 rursus
1032 469 1276 519 intelligimus
1292 471 1620 520 contigimtionem
1637 479 1701 514 dn-

104 537 194 571 ram,
218 526 367 573 qualem
391 526 523 573 vulgus
547 525 850 562 astronomorum
881 524 1194 572 comminiscitur,
1221 526 1281 563 sed
1303 528 1452 574 qualem
1479 526 1619 579 poilint
1649 545 1702 569 re-

101 582 222 630 cipere
238 580 382 627 fluores,
405 592 446 617 ae
462 578 486 617 si
501 591 658 628 argento
686 579 771 617 vivo
793 580 1040 630 supernataret
1069 592 1172 631 aqua,
1203 593 1317 628 aquae
1341 582 1483 629 oleum,
1514 585 1603 621 oleo
1627 588 1701 623 aer,

103 633 259 672 Nemini
275 636 378 671 enim
400 634 555 672 dubium
572 635 640 671 esse
664 633 794 684 potest,
815 634 905 686 quin
922 637 960 672 in
983 634 1170 672 immenso
1198 634 1266 672 illo
1296 638 1410 673 traditu
1440 638 1598 676 aetheris
1618 642 1702 689 puri

101 687 169 727 iint
196 689 351 727 eximiae
374 688 608 726 differentiae
630 690 754 740 quoad
777 692 969 727 raritatem
988 692 1023 726 δε
1040 688 1272 737 densitatem,
1302 694 1337 728 ἃ
1368 693 1436 728 alia
1467 705 1545 730 non
1563 707 1701 746 pauc-15

103 745 161 783 sed
181 743 358 782 utrolibet
376 745 465 780 dato
491 744 622 793 (idest,
650 746 840 782 continuo
865 743 934 782 sive
966 744 1169 795 contiguo)
1200 746 1274 783 hoc
1302 746 1380 783 ficri
1409 747 1538 796 potest.
1596 752 1700 789 Nam

102 799 182 844 latis
202 798 353 846 constat,
375 812 443 836 nee
473 797 511 835 in
527 801 619 835 mari
650 797 729 848 ipso
749 812 882 848 aquam
903 799 940 836 in
966 800 1116 837 stimmo
1139 803 1174 837 ὃ(
1199 813 1334 850 aquam
1363 803 1403 838 in
1424 801 1504 840 imo
1533 805 1700 849 ejusdem

99 854 167 892 css'e
184 853 435 892 consistentiae
456 856 492 891 ὃ(
509 853 667 904 sapori53
699 856 737 891 in
757 858 840 892 aere
860 868 952 892 vero
982 857 1079 892 inter
1108 859 1232 893 aerem
1256 867 1373 894 terrae
1397 862 1699 907 conterminum,

99 911 134 946 ἃ
151 911 274 946 a'e'rem
291 908 515 958 superiorem
535 909 740 958 plurimum
757 908 919 957 interest,
937 913 974 948 8<
995 922 1121 948 tamen
1138 923 1233 948 unus
1251 914 1285 948 δε
1306 913 1450 961 integer
1479 914 1528 950 est
1557 918 1592 952 <Sc
1618 929 1698 966 per-

98 975 228 1014 petuus
243 965 352 1002 fluor.
408 966 536 1013 Itaque
560 965 757 1002 deducitur
772 966 935 1014 quaestio
961 965 1107 1012 adhoc,
1138 977 1266 1003 utrum
1295 965 1527 1005 differentiae
1559 970 1596 1007 in
1627 983 1697 1008 tra-

99 1019 159 1056 e'lu
175 1019 354 1057 aethereis
369 1018 449 1070 puri
465 1019 499 1056 se
515 1017 702 1058 insinuent
716 1021 899 1068 gradatim
926 1023 960 1057 ἀ
977 1021 1078 1058 fluxu
1093 1020 1259 1071 quodam
1274 1024 1463 1060 continuo
1481 1037 1491 1064 ς
1533 1037 1579 1062 an
1609 1039 1699 1064 con-

97 1074 291 1112 stituantur
304 1077 339 1111 ὅ(
355 1073 615 1111 distribuantur
629 1075 674 1111 ad
689 1085 810 1113 certos
827 1078 862 1113 ὅ(
877 1076 1061 1112 notabiles
1085 1077 1236 1123 limites,
1261 1075 1323 1113 ubi
1351 1089 1512 1130 corpora
1541 1083 1698 1125 conjun-

97 1140 249 1179 guntur,
266 1142 358 1178 quae
375 1141 455 1166 non
473 1128 540 1166 sint
557 1129 854 1177 eommistffiilia,
878 1130 1203 1178 quemadmodum
1230 1131 1327 1180 apud
1362 1145 1433 1169 nos
1462 1137 1522 1171 aer
1552 1137 1697 1174 incum-

101 1185 152 1221 bit
177 1197 303 1232 aquae.
359 1185 565 1222 Enimvero
582 1183 779 1233 fimplieius
795 1185 1072 1235 contemplanti
1105 1184 1251 1222 videtur
1280 1196 1407 1223 totum
1436 1186 1526 1226 istud
1558 1203 1697 1241 purum

40 1235 43 1237 ⁵
97 1240 349 1289 &limpidum
370 1250 516 1287 corpus,
542 1239 580 1276 in
602 1252 679 1287 quo
700 1240 806 1288 globi
825 1250 941 1277 terrae
966 1243 1001 1277 ὅς
1030 1238 1211 1276 astrorum
1230 1249 1411 1288 tanquam
1441 1243 1481 1280 in
1498 1242 1696 1284 vastiffimo

95 1296 230 1347 pelago
244 1294 411 1346 pendent
428 1299 461 1330 ὅ(
479 1304 619 1341 natant,
646 1294 1108 1345 quodqueimmunitum
1137 1293 1208 1331 illis
1235 1294 1359 1344 globis
1378 1309 1523 1344 quanto
1552 1300 1632 1349 ipso
1660 1304 1697 1339 ὃς

96 1349 215 1399 spatio
239 1348 342 1396 quod
361 1359 530 1400 occupat,
560 1349 769 1398 globorum
784 1350 973 1387 mensuras
988 1348 1088 1399 quasi
1106 1351 1316 1387 innumeris
1343 1351 1506 1401 partibus
1536 1355 1693 1404 superat,

94 1405 163 1442 ess'e
174 1402 328 1442 ,indivisi
343 1404 525 1453 quaedam
549 1417 604 1441 res
633 1407 669 1441 ὅ(
698 1404 844 1442 summe
859 1407 976 1442 unita.
1035 1407 1180 1444 Verum
1202 1415 1375 1442 naturam
1395 1407 1611 1457 diligentius
1641 1413 1697 1449 in-

92 1458 228 1506 tuenti,
250 1459 343 1497 illud
363 1460 472 1511 plane
486 1459 680 1505 constabit,
705 1459 892 1497 consuesse
916 1471 1088 1497 naturam
1116 1460 1161 1497 ad
1191 1459 1301 1510 spatia
1323 1465 1511 1501 nonnulla
1530 1477 1596 1513 per
1619 1479 1696 1516 gra-

94 1516 176 1562 dus,
202 1515 339 1551 deinde
373 1513 497 1551 subito
520 1527 584 1566 per
613 1514 721 1552 saltus
751 1516 967 1564 procedere,
996 1526 1107 1564 atque
1136 1515 1236 1553 hunc
1256 1517 1474 1567 'processum
1501 1521 1694 1559 alternare.

95 1569 219 1608 Aliter
249 1567 275 1606 fi
301 1571 383 1621 quis
403 1581 485 1607 vere
509 1568 752 1619 introspiciat,
776 1571 880 1607 nulla
909 1567 1022 1619 possit
1050 1569 1223 1607 constitui
1250 1570 1388 1608 fabrica
1415 1584 1555 1622 rerum,
1590 1578 1695 1615 nulla

93 1625 209 1675 figura
229 1624 416 1674 organica,
442 1622 468 1660 fi
490 1637 554 1674 per
586 1626 721 1674 gradus
757 1623 984 1663 intensibiles
1014 1635 1197 1677 perpetuo
1230 1627 1507 1675 procederetur.
1564 1631 1695 1682 Itaque

94 1680 279 1731 process‘us
305 1681 368 1717 ille
397 1692 462 1729 per
487 1680 620 1729 gradus
654 1682 919 1718 intermundiis
949 1691 1165 1730 competere
1194 1677 1319 1730 possit,
1346 1694 1426 1719 non
1456 1686 1616 1732 mundo,
1647 1688 1694 1725 ad

91 1737 195 1781 cujus
219 1735 536 1773 construeiionem
555 1735 696 1773 necess'e
712 1735 760 1772 cst
775 1737 891 1785 longe
906 1732 1094 1774 dissimilia
1118 1734 1273 1773 discludi
1298 1739 1367 1774 alia
1395 1739 1440 1775 ab
1462 1738 1552 1786 aliis,
1588 1744 1624 1779 &
1639 1752 1691 1779 ta-

94 1803 183 1829 men
202 1789 460 1839 approximari.
517 1791 645 1839 Itaque
660 1801 799 1828 terram
830 1794 866 1829 ὃς
887 1804 998 1840 aquas
1015 1789 1147 1842 excipit
1179 1790 1216 1827 δε
1246 1792 1434 1843 contingit
1471 1796 1532 1831 ae'r
1555 1786 1701 1846 corpus¹

93 1845 210 1896 louge
225 1844 423 1892 diversum,
445 1846 482 1881 ὅς
501 1855 629 1883 tamen
652 1844 692 1883 in
719 1846 894 1895 proximo
917 1848 1097 1893 locatum,
1133 1858 1215 1883 non
1249 1847 1373 1898 primo
1406 1847 1528 1897 limus,
1557 1851 1694 1889 deinde

93 1914 220 1952 vapor,
243 1910 307 1938 aut
330 1901 478 1947 nebula,
515 1902 604 1938 dein
631 1903 692 1938 ae'r
715 1913 839 1951 purus,
878 1901 940 1940 sed
965 1902 1162 1940 confestim
1190 1903 1252 1939 aei·
1281 1902 1416 1955 absque
1450 1904 1589 1943 medio.
1648 1909 1692 1945 In

93 1960 175 1995 aere
190 1968 281 1994 vero
294 1957 329 1992 &
344 1956 492 1993 aethere
510 1955 591 2007 (illa
608 1958 712 1993 enim
727 1957 805 1994 duo
813 1955 1099 2007 conjungimus)
1116 1956 1325 2010 dispertitio
1341 1959 1504 1996 maxime
1515 1960 1691 1999 omnium

92 2010 294 2061 insignis&
313 2011 480 2048 radicalis
500 2010 594 2049 sumi
621 2012 720 2061 poss'e
749 2012 910 2059 videtur,
932 2026 976 2051 ex
1004 2023 1136 2050 natura
1165 2012 1282 2062 magis
1310 2024 1374 2051 aut
1403 2013 1526 2052 minus
1556 2016 1696 2067 suseep-

92 2067 166 2119 tiva
179 2076 332 2115 naturae
346 2064 507 2104 stellaris.
562 2068 688 2118 Itaque
716 2077 789 2104 tres
816 2067 1022 2105 secundum
1055 2080 1193 2118 genera
1217 2067 1390 2107 videntur
1423 2069 1493 2107 effe
1521 2073 1695 2121 regiones

92 2123 257 2164 maxime
280 2121 465 2159 notabiles
494 2134 513 2159 a
541 2122 661 2172 globo
688 2133 807 2160 terrae
835 2123 881 2160 ad
900 2122 1035 2173 fastigia
1063 2124 1187 2165 coeli3
1224 2122 1406 2161 nimirum
1430 2123 1564 2163 traCt'us
1586 2129 1692 2174 ae'ris,

93 2175 229 2222 trassius
244 2174 341 2213 coeli
365 2177 612 2226 planetarum,
654 2179 691 2215 &
722 2179 855 2215 tractus
874 2177 970 2216 coeli
994 2177 1133 2216 stellati.
1189 2177 1319 2230 Atque
1346 2178 1385 2217 in
1414 2180 1550 2218 infimo
1577 2183 1698 2220 tractu

93 2243 225 2271 natura
243 2232 391 2269 stellaris
406 2245 487 2271 non
502 2230 660 2270 consistit
675 2246 686 2274 3
716 2234 756 2270 in
775 2234 906 2271 medio
922 2231 1095 2281 consistit,
1120 2234 1180 2271 sed
1196 2236 1274 2271 coit
1302 2234 1347 2271 ad
1363 2235 1501 2283 globos
1515 2234 1690 2285 singulos,

95 2290 137 2325 in
153 2285 327 2337 supremo
344 2287 476 2338 spargit
505 2288 540 2324 se
555 2301 619 2339 per
635 2287 770 2338 globos
785 2287 977 2338 plurimos,
1000 2288 1096 2325 adeo
1119 2298 1160 2326 ut
1191 2300 1255 2338 per
1279 2288 1508 2326 summitates
1537 2292 1614 2336 ejus
1642 2290 1691 2331 vi-

93 2344 223 2382 deatur
251 2340 414 2389 transire,
450 2341 548 2394 quasi
584 2345 625 2380 in
654 2354 877 2394 empyreum
900 2341 1101 2392 integrum.
1157 2345 1295 2391 Neque
1309 2342 1457 2380 interim
1474 2344 1693 2385 obliviscen-

95 2399 189 2437 dum
216 2397 293 2444 ejus
312 2399 415 2448 quod
443 2399 557 2448 paulo
582 2408 669 2436 ante
697 2399 869 2445 diximus,
892 2397 1080 2436 consuesse
1107 2408 1279 2436 naturam
1305 2399 1514 2448 processum
1538 2403 1690 2450 gradua-

94 2464 176 2491 tum
194 2455 229 2490 ὃ(
247 2452 515 2502 persultorium
530 2454 724 2500 alternare,
746 2454 841 2490 adeo
861 2464 901 2490 ut
929 2452 1090 2503 regionis
1119 2454 1261 2503 primae
1290 2453 1454 2491 confinia
1477 2459 1692 2494 communi-

93 2518 181 2546 cent
197 2520 285 2546 cum
299 2506 468 2555 secunda,
490 2511 528 2546 &
542 2508 721 2546 secundae
736 2521 824 2545 cum
836 2509 956 2545 tertia.
1014 2510 1118 2547 Nam
1134 2510 1171 2545 &
1186 2506 1224 2545 in
1240 2512 1324 2546 aere
1352 2508 1569 2548 sublimiore
1596 2512 1690 2561 post-

95 2576 207 2613 quam
223 2563 284 2600 aEr
299 2562 462 2614 coeperit
477 2564 545 2600 effe
570 2564 616 2600 ab
635 2559 796 2602 effiuviis
823 2573 942 2601 terrae
965 2562 1201 2610 defaecatior,
1234 2566 1271 2604 &
1299 2574 1320 2601 a
1345 2564 1560 2602 coelestium
1574 2569 1692 2617 magis

95 2629 317 2664 attenuatus,
333 2628 455 2655 tentat
483 2621 520 2655 &
543 2620 727 2670 experitur
742 2617 936 2656 consistere
958 2619 1110 2655 flamma
1122 2637 1136 2662 ‚-
1166 2628 1209 2655 ut
1237 2620 1278 2656 in
1304 2621 1463 2657 cometis
1478 2619 1692 2659 humiliori-

96 2675 164 2712 bus
178 2674 232 2721 fit‚
252 2672 315 2725 qui
335 2673 420 2710 sunt
439 2674 584 2710 mediae
599 2673 791 2719 cujusdam
809 2684 962 2711 naturae
976 2670 1268 2711 inter'naturam
1294 2674 1476 2712 stellarem
1497 2674 1691 2715 consisten-

93 2739 174 2766 tem
185 2731 227 2770 ,ὅς
242 2729 437 2766 evanidam
454 2741 464 2769 3
493 2730 529 2765 &
545 2728 667 2766 rursus
681 2727 826 2766 videtur
840 2729 992 2766 coelum
1020 2727 1114 2766 circa
1133 2728 1252 2765 solem
1275 2729 1423 2767 fortasse
1437 2729 1637 2769 stellescere
1654 2735 1693 2770 &

94 2781 246 2822 transire
254 2785 418 2835 incipere
433 2781 472 2820 in
486 2793 658 2821 naturam
673 2784 770 2820 coeli
785 2784 926 2821 stellati.
965 2785 1068 2822 Nam
1082 2778 1225 2835 poffint
1247 2785 1333 2822 illae
1348 2786 1526 2833 maculae,
1542 2788 1689 2834 quaein

94 2839 171 2876 sole
186 2838 447 2876 observatione
462 2848 559 2876 certe
574 2838 646 2875 fida
661 2840 697 2875 ὃς
713 2837 885 2888 diligenti
899 2837 1148 2891 deprehensae
1164 2837 1261 2887 sunt,
1272 2839 1341 2876 ess'e
1355 2841 1568 2877 rudimenta
1581 2853 1689 2891 quae-

95 2894 182 2931 dam
202 2892 376 2930 materiae
395 2893 563 2931 stellaris:
599 2903 634 2930 at
650 2894 691 2930 in
718 2895 830 2931 coelo
845 2892 974 2944 Jovis
988 2895 1102 2931 etiam
1117 2894 1238 2931 stellae
1253 2893 1442 2942 absolutae
1456 2897 1493 2932 ὃς
1507 2895 1689 2946 ρετῑεξὶαε

95 2947 385 2999 conspiciuntur,
396 2947 482 2986 licet
496 2959 649 2999 propter
663 2947 881 2999 parvitatem
896 2948 1030 2999 absque
1041 2949 1315 2988 commoditate
1325 2951 1623 3000 perspicillorum
1631 2948 1687 2987 in-

96 3001 249 3040 visibiles
263 3005 298 3041 &
313 3003 434 3041 rursus
450 3005 491 3040 in
506 3001 779 3042 summitatibus
798 3004 896 3041 coeli
911 3001 1040 3041 stellati
1058 3016 1100 3040 ex
1116 3004 1325 3042 innumeris
1345 3002 1607 3041 micationibus
1631 3016 1687 3041 ae-

95 3056 320 3101 thei-isjnter
334 3056 450 3096 stellas
465 3068 676 3096 numeratas
691 3057 807 3104 (cujus
821 3057 910 3095 aliae
921 3058 1047 3097 causae
1062 3058 1144 3096 satis
1154 3057 1307 3109 frigidae
1322 3059 1426 3096 reddi
1440 3056 1577 3107 solent)
1588 3059 1686 3096 vide-

94 3123 158 3150 tur
172 3121 305 3149 natura
321 3112 467 3151 stellaris
482 3115 598 3164 magis
614 3112 773 3150 fundi&
787 3112 1013 3151 continuari.
1056 3115 1202 3153 Verum
1216 3115 1263 3152 de
1278 3114 1333 3151 his
1344 3113 1380 3150 in
1396 3112 1685 3163 quaestionibuS,

96 3179 186 3262 (μῦ
200 3178 563 3259 ιηοκᾶωροηεωιιε
577 3168 625 3207 de
640 3166 886 3260 substantiasl}
905 3168 1084 3208 astrorum
1114 3172 1151 3207 δε
1169 3171 1266 3206 coeli
1296 3165 1551 3216 imm-stellaris,
1581 3168 1687 3258 {iura

193 3233 267 3260 οι.
330 3250 339 3259 .
902 3235 927 3275 p
957 3235 977 3260 2
1619 3234 1688 3259 ice-

1778 281 1801 312 ro

1847 280 1876 324 k:3
