1973 3570
706 210 1229 261 INDEX.

110 311 276 360 Aquarum
292 311 358 355 vis,
384 312 527 359 ideoque
559 312 659 354 a'e'riS,
686 324 862 361 erumpere
891 312 940 347 so-

161 362 209 396 let
225 373 303 396 cum
334 372 422 397 terra
456 362 496 397 fit
523 361 618 396 arida
649 362 684 396 δε
716 361 854 405 rimosa,
884 374 939 408 39.

159 410 272 457 Aquae
299 410 490 446 tumescunt
516 421 592 446 ante
611 411 841 459 tempestates,
879 423 938 454 40.

159 459 312 495 Ulterius
352 460 585 507 quaerendum
628 473 669 495 au
708 461 815 507 Aquae
838 462 939 496 certis

159 509 377 556 temporibus
404 521 472 545 non
501 508 699 552 tumescant,
728 512 784 546 31.
830 510 940 556 Aquae

156 558 374 599 defice-antes,
438 570 516 606 117.
571 558 683 606 Aquae
717 560 871 595 ardentes
901 559 939 593 δε

160 607 316 652 chymica
333 607 407 643 olea
422 607 614 655 rejicienda,
647 619 724 651 142.
775 609 940 656 Aquarum

159 656 401 692 stillatitiarum
422 657 629 697 re&u311su3‚
657 669 734 701 142,
758 658 838 701 146,
863 669 938 704 147.

158 706 270 752 Aquae
300 706 433 741 haustus
467 706 501 741 in
536 706 673 741 introitu
709 707 782 742 lecti
812 708 940 742 ventri-

157 756 275 790 culum
303 756 416 791 reddit
445 755 586 798 fortem,
627 767 704 801 151.
758 757 868 803 Aquae
896 756 940 791 fe-

159 815 279 840 runtur
298 805 501 853 regulariter
515 806 558 840 ab
578 805 707 840 oriente
725 805 758 840 in
782 805 939 841 occiden-

158 864 243 896 tem,
871 866 940 902 239

107 905 223 950 Aquea
242 903 309 938 a'eri
327 903 632 946 confiibstantialia,
864 904 939 939 ibid.

107 953 228 1000 Aquila
258 954 425 1000 longaeva
453 953 610 996 habetur,
644 964 683 987 12
692 965 722 999 3.
775 953 939 989 Rostrum

158 1013 315 1044 renovat,
342 1002 421 1038 ibid.
646 1003 689 1038 V.
704 1011 740 1047 p.
761 1014 840 1048 125,
873 1014 938 1049 143

107 1051 230 1099 Aquila
258 1051 296 1086 &
330 1051 494 1094 Priscilla,
522 1051 770 1100 Apostolorum
802 1052 940 1099 coadju-

157 1110 261 1144 tores,
286 1113 404 1136 eorum
423 1102 648 1148 longaevitas,
874 1114 938 1148 ¹33

109 1151 281 1199 Aquilones
309 1151 540 1192 anniversarii,
568 1151 654 1186 circa
673 1159 831 1186 exortum
847 1152 939 1186 cani-

158 1200 265 1243 culae,
295 1199 420 1246 spirant
436 1214 456 1235 a
474 1200 559 1235 mari
577 1199 725 1247 glaciali,
892 1202 940 1245 46

107 1251 253 1296 Aquinas
271 1249 536 1293 reprehenditur,

106 1298 232 1334 Arabes
250 1297 387 1339 medici,

107 1348 236 1383 Arabes
252 1346 531 1393 dispensatorium
550 1348 758 1390 conditores,

103 1408 256 1438 aranea,
284 1396 353 1432 &c.
373 1396 502 1444 sepulta
520 1397 553 1431 in
571 1397 712 1439 elediro,
870 1400 910 1432 18
923 1411 936 1433 1

106 1447 259 1483 Araneae
275 1456 353 1480 ante
369 1456 513 1480 ventum
531 1445 647 1481 sedulo
666 1446 832 1487 laborant,
894 1448 938 1483 62

105 1496 247 1532 Arbores
274 1494 372 1542 juxta
403 1507 509 1535 mare,
552 1495 584 1530 se
613 1495 805 1536 incurvant,
847 1498 941 1544 quasi

154 1545 344 1581 aversantes
376 1557 472 1579 auras
502 1545 618 1588 maris,
659 1557 715 1590 35.
767 1545 872 1580 Unde
907 1546 940 1581 in

154 1606 244 1630 terra
275 1593 424 1640 sepultae
459 1594 685 1635 inveniuntur,
731 1597 789 1630 80.
840 1595 941 1644 Qae

154 1644 266 1689 magis
276 1640 458 1685 durabiles,
473 1656 558 1689 quae
571 1644 696 1686 minus,
716 1643 794 1680 116.
846 1646 939 1694 Qa-

154 1694 199 1729 lia
218 1693 292 1728 sunt
308 1705 396 1740 quae
413 1692 591 1728 conferunt
609 1693 650 1728 ad
671 1694 937 1740 longaevitatem

154 1744 318 1783 arborum,
871 1755 936 1790 119

104 1792 269 1829 Arborum
292 1791 441 1833 duratio,
483 1804 562 1835 114.
614 1791 674 1826 Ad
702 1791 938 1840 octingentesi-

155 1855 254 1878 mum
271 1853 399 1876 annum
428 1841 644 1887 perveniunt,
676 1842 754 1878 116.
807 1840 937 1878 Earum

155 1891 310 1927 feracitas
327 1891 364 1925 δε
382 1890 565 1937 productio
581 1891 711 1933 aetatis,
871 1902 883 1926 1
895 1904 936 1939 19

105 1941 267 1982 Arcadia,
295 1940 374 1976 situs
391 1938 473 1986 ejus,
871 1953 936 1988 137

106 1990 269 2026 Arcadum
287 2002 382 2037 reges
400 1989 572 2036 longaevi,
596 2001 675 2034 130,
700 1998 778 2036 134.
805 1989 937 2026 Eorum

155 2040 269 2075 fabula
286 2040 329 2074 de
344 2040 436 2080 luna,
869 2051 937 2086 310

105 2089 245 2126 ArHuri
292 2097 408 2124 ortum
455 2087 669 2135 tempestates
715 2088 935 2132 comitantur,

801 2150 861 2182 452
891 2151 935 2184 59

106 2186 270 2223 ArHurus
299 2186 383 2233 quid
411 2185 538 2234 poterit
571 2187 682 2233 quoad
711 2188 936 2233 tempestates,

886 2249 933 2282 45

104 2285 245 2327 Ardeae,
272 2297 387 2321 earum
417 2285 460 2320 de
489 2285 601 2322 ventis
629 2284 855 2334 praesagium,
881 2298 937 2321 ex-

152 2336 280 2371 celsum
298 2334 504 2382 petentium,
889 2336 932 2370 62

104 2385 286 2433 Araetj‘atiio,
318 2385 396 2418 181.
448 2383 540 2418 Vide
558 2383 748 2420 desiccatio.

104 2433 348 2482 Arganthonius
365 2432 516 2468 Gadium
536 2443 606 2475 rex,
868 2446 880 2469 1
891 2446 937 2480 34

105 2485 282 2531 Argentum
299 2483 436 2521 vivum,
464 2482 546 2517 latet
561 2483 596 2517 in
616 2494 657 2517 eo
687 2480 823 2529 spiritus
840 2483 935 2519 flatu-

151 2533 239 2574 osus,
259 2532 318 2576 63.
346 2531 401 2565 Ex
419 2531 449 2566 se
467 2530 550 2571 fluit,
586 2531 665 2567 ibid.
695 2532 844 2568 Fortasse
861 2546 936 2568 ver-

152 2592 244 2618 tatur
270 2581 305 2616 in
322 2588 505 2626 argentum,
534 2590 590 2626 73.
643 2581 773 2618 Modus
790 2582 934 2618 mortifi-

151 2631 251 2667 candi
268 2638 437 2677 argentum
453 2630 588 2671 vivum,
888 2644 934 2678 95

104 2683 284 2727 Argentum
303 2679 420 2714 vivum
450 2687 492 2713 an
521 2690 704 2726 corporum
734 2691 935 2715 monumen-

151 2741 242 2772 tum,
268 2739 306 2764 ut
329 2728 492 2763 electrum
522 2727 698 2771 formicae,
724 2729 788 2764 effe
820 2731 933 2777 poffit,

867 2778 928 2814 181

104 2827 284 2876 Argentum
302 2827 340 2862 δε
356 2837 477 2862 aurum
496 2827 584 2862 inter
611 2827 643 2862 se
679 2838 931 2875 comparantur,

862 2888 933 2922 204

869 1262 940 1296 259

869 1300 940 1334 260

857 1348 938 1385 ibid.

102 2925 249 2971 Argestes
267 2935 401 2969 ventus,
887 2939 933 2973 30

101 2974 298 3018 Aristoteles,
327 2975 511 3012 discrimen
536 2973 604 3023 ejus
632 2975 720 3011 inter
747 2972 876 3024 plantas
895 2977 933 3011 δε

150 3023 323 3067 animalia,
864 3037 878 3060 1
890 3037 902 3060 1
910 3025 933 3061 6

100 3071 287 3108 Aristoteles
329 3073 373 3108 de
415 3074 534 3109 avium
579 3074 805 3122 generatione,
853 3085 930 3121 123.

147 3121 245 3171 Qid
265 3122 367 3157 tradit
383 3123 426 3157 de
444 3124 595 3165 flamma,
865 3135 930 3170 175

100 3171 286 3215 Aristotelis
301 3171 492 3207 observatio
507 3173 551 3208 de
568 3171 705 3220 plantis,
864 3176 930 3220 187

101 3220 283 3264 Arzstotelis
314 3221 576 3269 philosophandi
610 3234 685 3258 mos
713 3220 932 3270 reprehendi-

148 3269 250 3305 Voi..
264 3269 311 3305 ΙΙ.

1039 322 1104 354 tur,
1135 325 1218 359 230,
1247 313 1284 348 δε
1302 317 1432 362 paffim.
1486 317 1644 353 Pessimus
1665 316 1824 366 sophista,

1042 372 1123 408 259.
1179 363 1292 398 Unius
1329 364 1447 412 speciei
1491 366 1606 413 planta
1638 368 1825 416 procerior,

1042 411 1124 456 263.
1153 411 1235 459 Ejus
1254 414 1398 449 moralia
1413 413 1605 458 laudantur,
1628 416 1708 459 264.
1737 417 1824 452 Cor-

1040 461 1134 507 rupit
1184 463 1371 497 naturalem
1426 463 1689 513 philosophiam,
1744 477 1825 514 ²72·

1041 508 1124 555 Ejus
1141 510 1273 546 coelum
1293 512 1555 558 phantasticum,
1577 527 1659 561 301.
1712 515 1823 551 Gene-

1041 558 1207 594 rationem
1237 560 1273 594 δε
1303 562 1559 609 corruptionem
1594 564 1716 600 tribuit
1743 565 1827 600 obli-

1039 619 1126 653 quae
1140 607 1216 643 solis
1229 610 1318 652 viae,
1340 622 1418 656 332.
1447 613 1492 645 V.
1508 623 1592 657 322.
1619 613 1716 662 Qid
1731 625 1828 650 notat

1037 656 1070 690 in
1088 657 1246 706 doctrina
1265 658 1503 707 Empedoclis,
1697 669 1706 676 ·
1754 665 1825 710 336

992 704 1155 741 Arnoldus
1172 707 1216 742 de
1235 707 1330 743 Villa
1350 709 1467 751 Nova,
1754 714 1825 748 260

990 754 1110 789 Aroma
1144 754 1311 804 frigidum
1355 758 1498 801 nitrum,
1548 761 1626 804 148.
1678 761 1825 798 Mordet

1040 803 1195 851 linguam
1216 805 1342 853 frigore
1372 817 1409 842 ut
1426 818 1571 845 aromata
1601 810 1719 854 “alore,
1745 811 1825 848 ibid.

992 852 1180 889 Aromatum
1198 855 1236 890 &
1252 855 1331 892 nitri
1345 857 1496 900 collatio,
1742 859 1824 897 ibid.

992 902 1189 938 Artaxerxis
1206 904 1324 940 Persae
1340 916 1440 948 aetas,
1756 918 1824 956 130

988 951 1122 996 Artefii‚
1149 962 1314 989 trecentos
1339 968 1445 992 annos
1475 957 1623 994 viventis
1650 967 1692 995 ex
1709 958 1824 995 alieno

1043 1001 1174 1049 spiritu,
1203 1002 1330 1046 fabula,
1758 1017 1824 1054 143

990 1049 1090 1085 Artes
1108 1051 1333 1095 mechanicae,
1362 1054 1444 1096 266,
1474 1056 1556 1092 281.
1606 1057 1748 1093 Artium
1777 1058 1824 1093 fa-

1039 1099 1180 1136 cultates
1207 1112 1267 1137 aut
1294 1103 1481 1151 empiricae
1517 1105 1604 1150 sunt,
1632 1116 1690 1142 aut
1719 1107 1823 1143 ratio-

1038 1149 1141 1191 nales,
1741 1156 1824 1193 ibid.

991 1197 1140 1234 Articuli
1158 1200 1385 1247 inquisitionis
1402 1202 1446 1238 de
1464 1204 1587 1246 ventis,
1777 1218 1823 1252 25

990 1247 1231 1291 Artificialibus
1245 1251 1287 1285 ad
1305 1252 1523 1288 excitandum
1549 1264 1688 1290 naturae
1706 1255 1821 1291 lumen

1038 1296 1168 1343 primae
1186 1309 1295 1345 partes
1314 1300 1522 1344 tribuendae,
1781 1308 1820 1340 18

988 1345 1120 1380 Artium
1139 1347 1277 1383 historia
1296 1349 1447 1386 maxime
1474 1351 1567 1386 utilis
1586 1351 1623 1386 &
1641 1364 1758 1400 quare,
1786 1367 1821 1399 5.

1035 1396 1137 1430 Artes
1154 1409 1241 1443 quae
1268 1398 1544 1445 praestantiores;
1578 1401 1821 1450 quaejejunio—

1038 1445 1083 1479 ris
1102 1444 1175 1481 sunt
1193 1446 1280 1487 usus,
1738 1464 1772 1497 5,
1801 1454 1823 1487 6

987 1493 1116 1528 Arvum
1143 1507 1252 1542 grano
1289 1508 1330 1531 ex
1360 1497 1433 1545 ipso
1475 1498 1700 1545 proveniente
1731 1501 1822 1536 haud

1035 1543 1294 1587 conserendum,
1754 1560 1820 1598 127

988 1590 1099 1636 Aselli,
1119 1593 1233 1629 stellae
1245 1595 1289 1629 fic
1306 1594 1428 1636 dietae,
1775 1600 1823 1635 60

988 1640 1082 1685 Astni
1097 1653 1198 1685 aetas,
1755 1660 1819 1684 122

988 1690 1110 1736 Asinius
1126 1693 1252 1735 Pollio,
1267 1703 1404 1730 centum
1419 1705 1523 1730 annos
1536 1694 1720 1744 superavit,
1755 1710 1767 1732 1
1775 1710 1794 1744 3
1799 1712 1820 1744 5

989 1740 1128 1786 Asperfio
1145 1741 1241 1785 levis,
1751 1748 1821 1793 156

989 1789 1112 1836 Affatio
1132 1791 1235 1827 debet
1254 1792 1327 1828 fieri
1349 1793 1429 1841 igne
1445 1794 1578 1837 vivido,
1752 1797 1819 1832 168

989 1839 1127 1886 Affeclae
1161 1842 1254 1876 venti
1296 1843 1368 1890 qui,
1409 1855 1463 1890 33.
1515 1843 1655 1890 Affeclae
1686 1847 1820 1888 mundi,

1037 1888 1146 1925 auster
1164 1890 1201 1925 δε
1219 1891 1348 1934 boreas,
1378 1904 1433 1938 34.
1486 1893 1541 1929 De
1569 1894 1676 1929 ventis
1703 1892 1822 1941 affeclis

1035 1939 1243 1982 observatio,
1282 1940 1360 1977 ibid.
1413 1942 1525 1977 Maris
1554 1943 1592 1977 ὅτ’
1620 1943 1822 1981 continentis

1038 1988 1112 2023 sunt
1129 1986 1262 2029 diversi,
1291 1990 1372 2027 ibid.
1423 1992 1508 2027 Sunt
1538 1992 1632 2028 venti
1651 1999 1818 2030 terrarum

1036 2039 1308 2081 cavernosarum,
1772 2056 1820 2087 40

990 2086 1175 2131 Affimilatio
1192 2101 1377 2136 corporum
1413 2090 1501 2127 unde
1525 2092 1577 2133 fit,
1609 2096 1686 2138 170.
1740 2093 1819 2140 Op-

1039 2136 1118 2171 time
1137 2137 1177 2172 fit
1192 2138 1333 2174 ceffante
1347 2146 1443 2174 motu
1460 2137 1574 2183 locali,
1753 2143 1820 2177 186

988 2184 1212 2233 Astringentia
1253 2200 1295 2222 ex
1318 2189 1432 2235 -aquis
1476 2190 1707 2234 mineralibus,
1738 2203 1818 2237 155.

1034 2236 1132 2283 Qae
1149 2236 1187 2270 δε
1204 2237 1430 2277 occludentia,
1750 2244 1818 2287 187

988 2284 1222 2332 Astrologorum
1236 2286 1462 2334 philosophia,
1751 2302 1820 2334 140

987 2335 1203 2379 Astronomiae
1237 2335 1274 2370 &
1304 2335 1540 2384 philosophiae
1577 2337 1706 2374 diversa
1742 2349 1821 2374 mu-

1038 2396 1129 2424 nera,
1388 2398 1391 2402 ’
1636 2399 1721 2434 301,
1749 2390 1816 2434 313

986 2432 1154 2479 Astrorum
1172 2433 1368 2477 substantia,
1398 2438 1479 2481 308.
1532 2437 1592 2471 An
1621 2437 1692 2472 veri
1712 2437 1817 2484 ignes,

1035 2482 1112 2518 ibid.
1166 2483 1224 2517 An
1252 2482 1340 2528 astra
1369 2495 1567 2532 augeantur,
1606 2486 1817 2529 minuantur,

1035 2541 1250 2578 generentur,
1293 2542 1549 2581 extinguantur,
1595 2547 1678 2583 309,
1734 2547 1817 2581 310.

1035 2581 1171 2616 Eorum
1190 2582 1404 2630 magnitudo,
1434 2584 1560 2631 figura,
1587 2585 1625 2619 &
1643 2583 1816 2627 distantia,

1633 2645 1716 2680 311,
1746 2645 1813 2679 312

987 2679 1149 2715 Atalanta
1177 2679 1214 2714 δε
1245 2680 1499 2731 Hippomenes,
1539 2681 1621 2728 quid
1650 2682 1817 2729 fignificat:

1035 2729 1116 2765 haec
1134 2727 1262 2772 fabula,
1745 2743 1815 2778 373

987 2778 1157 2820 Athanafii
1174 2787 1276 2820 aetas,
1748 2793 1760 2816 1
1770 2793 1788 2826 3
1794 2793 1813 2826 3

985 2827 1140 2872 Atheismi
1156 2827 1307 2871 stultitia,
1740 2842 1812 2873 402

986 2876 1156 2920 Athezstici
1173 2889 1293 2920 mores,
1739 2891 1810 2923 401

985 2926 1188 2972 Athenienses
1205 2927 1371 2968 mulieres,
1399 2924 1468 2963 ὅτε.
1748 2930 1814 2973 138

983 2975 1189 3011 Athletarum
1206 2976 1391 3017 unctiones,
1746 2988 1760 3012 1
1768 2977 1814 3024 67

982 3025 1086 3060 Athos
1118 3037 1227 3068 mons,
1269 3024 1357 3060 mira
1379 3023 1422 3059 de
1451 3034 1494 3059 eo
1523 3023 1672 3068 traditio,
1713 3035 1753 3061 ut
1775 3025 1817 3060 δε·

1031 3074 1074 3110 de
1093 3074 1264 3122 Olympo,
1765 3081 1815 3122 47

980 3123 1097 3166 Athos,
1126 3124 1160 3159 in
1180 3123 1267 3157 Atho
1293 3131 1411 3156 monte
1429 3134 1491 3158 nec
1521 3121 1634 3159 imber
1649 3133 1712 3159 nec
1729 3131 1813 3159 vena

980 3183 1166 3259 Atbtbioium
1183 3220 1364 3268 aequalitas
1382 3219 1420 3254 δε
1436 3219 1669 3269 inaequalitas,
1730 3171 1814 3265 ,ἐπεί

1294 3269 1326 3305 Ε
1341 3282 1359 3304 e
1369 3282 1388 3304 e
1399 3282 1417 3304 e
1446 3282 1462 3304 2
1680 3270 1815 3308 Asamus
