1973 3570
129 223 224 282 185
427 213 850 282 HISTORIA
903 209 1171 257 VITAE
1231 207 1334 254 ET
1392 205 1732 254 MORTrs.

319 310 452 352 Canon
464 312 563 351 XIX.
587 311 820 348 SP1R1TUS
835 307 1015 355 juveniles
1027 304 1132 343 senili
1147 302 1297 356 corpori
1309 302 1431 350 inditi,
1456 313 1628 341 naturam
1644 302 1876 352 compendio

265 376 515 408 retrovertere
540 361 692 415 poss'int.
1754 373 1758 376 -
1863 392 1875 396 Α

266 466 270 470 ,
325 419 567 474 Explicatio.
607 422 825 458 NATURA
859 416 1055 466 spirituum
1091 414 1140 452 est
1174 411 1274 463 quasi
1308 421 1390 450 rota
1427 412 1608 462 suprema,
1655 424 1753 460 ‘quae
1791 411 1878 450 alias

271 487 369 516 rotas
399 479 440 514 in
468 487 628 527 corpore
659 474 828 511 humano
860 471 1089 518 circumagit.
1147 471 1273 517 Itaque
1308 467 1370 504 illa
1403 469 1444 504 in
1481 469 1700 504 intentione
1727 468 1878 516 longac-

273 533 397 571 vitatis
426 532 548 580 prima
575 530 669 582 poni
698 529 820 565 debet.
877 527 961 563 Huc
993 525 1148 571 accedit,
1185 522 1290 572 quod
1322 522 1469 560 facilior
1499 524 1536 559 δε
1563 521 1681 571 magis
1709 523 1880 571 expedita

270 590 343 626 'via
367 595 467 636 patet
493 585 539 622 ad
561 583 772 621 alterandos
797 581 955 631 spiritus,
984 591 1099 628 quam
1122 579 1168 616 ad
1190 580 1271 616 alia.
1328 578 1480 614 Etenim
1509 577 1644 626 duplex
1675 574 1725 612 est
1752 589 1883 628 opera-

278 644 337 680 tio
364 640 470 692 super
486 639 660 689 spiritu33
689 639 803 675 altera
825 648 892 686 per
914 634 1103 681 alimenta,
1132 646 1226 682 quae
1249 633 1298 670 est
1317 632 1432 679 tarda,
1461 633 1501 668 ὃς
1524 642 1704 679 tanquam
1726 643 1792 682 per
1815 633 1884 669 cir-

278 698 423 735 cuitum
439 709 449 736 ς
478 696 592 732 altera
609 694 660 739 (ὃς
675 694 737 729 illa
753 691 914 740 gemina)
932 701 1026 739 quae
1041 689 1087 726 est
1104 689 1234 736 subita,
1264 690 1300 725 ὅ(
1314 686 1460 737 spiritus
1476 687 1574 723 reeta
1588 685 1700 738 petit:
1731 688 1883 736 Nempe

280 763 348 804 per
365 762 532 800 vapores,
559 758 622 785 aut
637 759 702 799 per
715 746 877 784 affectus.

342 805 474 844 Canon
489 805 571 842 XX.
628 804 774 841 SUCCI
802 800 971 849 corporis
999 798 1149 836 subduri
1181 799 1218 835 δε
1252 796 1387 834 roscidi
1416 796 1558 834 faciunt
1590 795 1637 832 ad
1662 795 1888 847 longaevita—

290 872 383 899 tem.

344 910 586 966 Explicatio.
642 912 805 948 RATIO
834 907 1023 959 perspicua
1052 907 1111 954 cst,
1141 918 1227 943 cum
1254 916 1362 943 antea
1391 905 1623 955 posuerimus
1659 905 1749 942 dura
1778 908 1816 944 &
1847 918 1889 944 o·

289 969 399 1015 leosa‚
427 966 498 1006 five
530 964 683 1011 roscida,
711 963 853 1013 aegrius
881 959 1057 1013 dissipari.
1113 961 1209 999 Illud
1234 972 1361 998 tamen
1388 959 1548 1005 interest,
1579 958 1681 1007 (ficut
1710 962 1823 997 ctiam
1851 963 1894 998 in

288 1023 512 1076 operatione
535 1022 681 1058 decima
707 1020 936 1067 notavimus)
968 1017 1072 1067 quod
1096 1017 1223 1054 succus
1252 1015 1432 1053 subdurus
1455 1017 1582 1053 minus
1596 1011 1812 1064 dissipabilis
1832 1016 1894 1064 est,

292 1079 354 1118 sed
382 1077 430 1115 est
452 1076 559 1114 simul
580 1073 704 1112 minus
722 1074 944 1123 reparabilis.
1001 1074 1129 1121 Itaque
1155 1071 1406 1108 commodum
1427 1083 1515 1108 cum
1533 1070 1786 1108 incommodo
1803 1082 1895 1109 con-

291 1133 462 1180 iunstum
491 1131 563 1169 est:
601 1141 724 1178 neque
751 1125 865 1180 poffit
897 1138 1096 1180 propterea
1124 1126 1277 1174 aliquod
1308 1127 1479 1175 magnale
1504 1138 1570 1177 per
1595 1125 1668 1162 hoc
1696 1123 1896 1176 praestatis

290 1199 329 1227 at
354 1187 480 1225 succus
509 1185 675 1224 roscidus
702 1185 853 1233 utrique
875 1183 928 1221 rei
956 1182 1156 1222 satisfacit3
1186 1183 1310 1229 itaque
1325 1181 1541 1230 diligentius
1565 1180 1653 1218 huic
1677 1181 1898 1219 incumben-

294 1245 398 1281 dum.

348 1297 480 1335 Canon
492 1297 593 1334 XXI.
651 1296 917 1347 QUICQUID
947 1294 1130 1332 tenuitate
1164 1301 1346 1343 penetrat,
1384 1301 1507 1338 neque
1534 1301 1663 1327 tamen
1692 1292 1900 1328 acrimonia

297 1354 412 1399 rodit,
440 1351 560 1402 gignit
582 1350 709 1389 succos
729 1348 906 1387 roscidos.

352 1404 597 1459 Explicatio.
654 1405 833 1442 CANON
858 1404 920 1442 iste
947 1404 1066 1453 magis
1093 1398 1256 1439 difficilis
1279 1401 1327 1438 est
1354 1400 1508 1449 praefica
1539 1412 1651 1449 quam
1676 1400 1900 1439 intellectu:

301 1461 539 1502 manifestum
563 1460 613 1498 est
640 1461 756 1505 enim,
786 1458 963 1508 quicquid
989 1459 1085 1495 bene
1107 1465 1287 1505 penetrat,
1316 1455 1379 1492 sed
1398 1464 1526 1491 tamen
1549 1466 1636 1492 cum
1663 1453 1814 1493 stimulo
1836 1466 1902 1493 aut

302 1519 429 1564 dente,
460 1516 597 1565 (qualia
612 1514 695 1552 sunt
711 1516 840 1551 omnia
855 1514 950 1551 acria
971 1515 1007 1550 ὃ(
1021 1512 1136 1560 acida)
1155 1512 1380 1559 relinquere,
1409 1511 1624 1558 ubicunque
1635 1507 1774 1556 transit,
1802 1509 1904 1549 vesti-

299 1576 410 1624 gium
424 1571 657 1616 nonnullum
671 1566 838 1607 siccitatis
853 1570 889 1607 ὅ(
903 1565 1120 1606 divulsionis
1136 1584 1148 1609 5
1179 1575 1219 1604 ut
1235 1565 1361 1604 suecos
1381 1565 1545 1611 induret,
1561 1575 1682 1614 partes
1698 1566 1905 1608 convellat3

303 1639 341 1666 at
371 1636 515 1673 eontra,
544 1638 638 1675 quae
665 1634 863 1675 penetrant
890 1636 994 1661 mera
1016 1624 1211 1668 tenuitate,
1241 1631 1419 1669 tanquam
1449 1620 1580 1657 furtim
1613 1622 1649 1656 δε
1672 1618 1904 1667 insinuative‚

302 1682 441 1731 absque
459 1681 652 1728 violentia,
680 1681 842 1720 irrorare
865 1681 903 1716 ὅ(
923 1677 1074 1728 irrigare
1100 1679 1141 1714 in
1168 1673 1331 1714 transitu.
1390 1676 1449 1712 De
1477 1674 1534 1711 his
1559 1676 1599 1712 in
1624 1676 1907 1726 operationibus

306 1746 438 1788 quarta
453 1738 490 1773 δ(
510 1736 677 1787 septima,
704 1734 804 1772 haud
822 1736 937 1784 'pauca
951 1730 1217 1783 descripsimus,

364 1790 498 1829 Canon
511 1792 627 1828 XXII.
684 1789 1025 1826 Ass1M1LA110
1051 1789 1198 1837 optime
1218 1785 1272 1834 fit,
1301 1784 1457 1823 cessante
1473 1785 1581 1822 omni
1597 1795 1707 1822 motu
1722 1786 1845 1828 locali,

364 1843 607 1898 Explicatio.
664 1847 805 1883 HUNc
828 1855 1015 1882 canonem
1040 1845 1081 1880 in
1110 1842 1437 1881 commentatione
1465 1840 1510 1877 ad
1530 1839 1910 1892 operationemoeibal⁴

311 1914 395 1941 vani
414 1901 497 1938 satis
516 1901 791 1952 explicavimus.

368 1956 499 1994 Canon
515 1957 649 1994 XXIII.
704 1957 1065 1994 ALIMENTATIO
1092 1965 1158 2005 per
1189 1953 1361 2000 exterius,
1398 1960 1461 1989 aut
1490 1949 1618 1988 saltem
1643 1963 1724 1989 non
1751 1962 1817 2000 pet
1843 1950 1915 1998 Pto-ff

317 2010 509 2057 maehum,
538 2010 777 2061 longaevitati
793 2007 1013 2057 ultilissima,
1040 2005 1299 2061 fifieripoffit.

372 2063 626 2117 Explicatio„
669 2067 894 2104 VIDEMUS
923 2066 1066 2112 omnia,
1096 2077 1188 2113 quae
1208 2076 1274 2114 per
1293 2061 1543 2100 nutritionem
1565 2070 1805 2114 peraguntur,
1832 2061 1915 2100 fieri

318 2130 385 2173 pe'r
405 2122 535 2169 longas
550 2120 744 2169 ambagem
773 2133 866 2169 quae
881 2132 971 2157 vero
989 2132 1054 2169 per
1070 2120 1258 2170 amplexus
1272 2115 1450 2155 similium
1471 2118 1526 2165 (ut
1544 2117 1585 2154 fit
1598 2116 1638 2153 in
1653 2115 1914 2166 infusionibus)

319 2187 402 2213 non
417 2176 573 2224 longam
592 2176 782 2223 requirere
797 2186 957 2212 moram.
1014 2175 1143 2223 Itaque
1158 2168 1350 2211 utilissima
1366 2172 1466 2210 foret
1481 2173 1714 2210 alimentatio
1736 2182 1801 2221 per
1820 2183 1917 2210 exte-

320 2232 396 2267 rius
411 2247 425 2272 ,-
457 2238 567 2277 atque
582 2241 630 2266 eo
645 2232 775 2279 magis,
805 2229 907 2278 quod
923 2229 1099 2266 deciduae
1114 2227 1183 2266 sint
1198 2228 1390 2266 facultates
1403 2225 1695 2265 coneoffionum
1712 2226 1776 2264 sub
1792 2225 1914 2270 senec-

322 2294 403 2322 tute
418 2299 425 2320 :
455 2284 703 2333 quamobrem
718 2282 743 2320 si
761 2281 902 2334 poffint
922 2283 991 2321 ess'e
1005 2285 1232 2322 nutritiones
1246 2284 1340 2322 aliae
1357 2283 1559 2328 auxiliares,
1573 2294 1638 2333 per
1654 2282 1918 2329 balneationes‚

328 2339 537 2385 unctiones,
567 2349 629 2376 aut
650 2340 763 2376 etiam
782 2352 848 2392 per
863 2339 1039 2389 clysteria,
1068 2338 1269 2386 conjunsta
1292 2334 1433 2390 poffint
1451 2337 1643 2386 proficere,
1672 2348 1766 2385 quae
1780 2334 1921 2387 singula

324 2394 450 2430 minus
464 2395 621 2431 valeant.
1899 2396 1902 2398 ¹

382 2447 513 2485 Canon
527 2449 663 2486 XXIV.
720 2449 819 2489 UBI
844 2449 1045 2488 concoffio
1073 2449 1204 2486 debilis
1233 2447 1282 2485 est
1308 2449 1354 2485 ad
1382 2444 1633 2485 extrufionem
1655 2447 1841 2494 alimenti,
1866 2446 1921 2485 ibi

330 2504 512 2540 exteriora
527 2503 734 2541 confortari
749 2504 886 2543 debent
901 2505 946 2542 ad
960 2506 1221 2543 evocationem
1237 2503 1419 2540 alimenti.
1648 2548 1649 2552 Ἰ
1804 2546 1806 2548 v

385 2554 624 2608 Explicatio.
679 2559 791 2597 NON
814 2560 862 2597 est
889 2559 975 2607 hoc,
1006 2559 1108 2608 quod
1129 2560 1169 2595 in
1189 2558 1256 2594 isto
1278 2569 1423 2595 canone
1448 2558 1688 2609 proponitur,
1717 2557 1847 2594 eadem
1866 2569 1924 2596 res

333 2623 421 2650 cum
442 2613 682 2660 praecedente
697 2630 712 2656 ‚-
741 2614 841 2651 aliud
861 2614 961 2652 enim
977 2613 1037 2662 est,
1051 2612 1076 2651 si
1091 2615 1313 2651 alimentum
1329 2613 1488 2650 exterius
1502 2614 1606 2649 intro
1620 2612 1796 2658 trahatur,
1809 2612 1924 2659 aliud,

335 2665 362 2704 fi
382 2667 602 2704 alimentum
618 2669 773 2705 interius
787 2678 887 2706 extra
901 2664 1065 2707 trahatur
1079 2687 1093 2712 ‚-
1123 2678 1159 2706 at
1183 2669 1223 2705 in
1245 2667 1319 2705 hoc
1342 2676 1584 2714 concurrunt,
1614 2667 1717 2715 quod
1741 2667 1925 2705 debilitati

338 2721 633 2759 concoffionum
649 2724 874 2760 interiorum
890 2725 960 2761 alia
978 2724 1033 2763 via
1047 2723 1275 2762 subveniant.

394 2773 524 2813 Canon
538 2777 656 2814 XXV.
712 2778 831 2816 ΟΜΝ
842 2789 882 2816 1s
907 2778 1025 2817 subita
1048 2778 1245 2817 renovatio
1259 2779 1428 2830 eorporis
1444 2776 1498 2823 fit,
1526 2785 1587 2813 aut
1601 2788 1666 2826 per
1681 2775 1838 2825 spiritus,
1863 2786 1929 2814 aut

339 2841 405 2880 per
430 2830 744 2869 malaciffationes.
1903 2851 1906 2855 ·

395 2881 635 2936 ExplicatiO.
663 2887 770 2925 Duo
786 2887 922 2931 suntin
937 2899 1109 2938 corpore,
1120 2887 1265 2941 spiritus
1276 2889 1313 2925 ὅ(
1327 2897 1446 2939 partes
1457 2904 1470 2928 3
1491 2885 1537 2922 ad
1551 2895 1738 2933 utrunque
1748 2885 1863 2935 longa
1871 2887 1929 2924 via

341 2941 556 2989 pervenitur
565 2951 630 2989 per
641 2943 892 2979 nutritionem
903 2957 912 2984 ;
933 2953 969 2980 at
977 2944 1057 2982 viae
1075 2944 1201 2982 breves
1210 2943 1254 2980 ad
1265 2942 1412 2992 spiritus
1424 2952 1488 2991 per
1497 2951 1650 2989 vapores
1661 2942 1697 2976 ὅ(
1707 2939 1875 2981 affectum
1892 2943 1930 2978 &

343 2994 389 3030 ad
410 3005 540 3042 partes,
562 3006 626 3044 per
644 2996 957 3035 malaciffationcs.
1011 2999 1107 3036 Illud
1124 3008 1248 3035 autem
1259 2998 1372 3047 paulo
1390 2995 1566 3034 attentius
1580 2996 1805 3042 notandum,
1826 2995 1930 3043 quod

343 3049 455 3089 nullo
462 3049 580 3089 niodo
590 3049 856 3091 confundimus
865 3053 1190 3096 alimentationeni
1199 3065 1265 3103 per
1275 3052 1443 3098 exterius,
1454 3060 1540 3088 curn
1552 3050 1854 3093 malaciffationes
1868 3061 1932 3086 ne-

1859 3111 1932 3152 que
