1973 3570
81 270 174 317 270
612 235 1064 291 COGITAT‘A
1122 235 1224 285 ET
1269 233 1458 282 visa

244 360 321 387 tem
339 344 555 386 manifestet.
614 349 750 398 Neque
766 343 891 381 errass'e
904 355 992 381 eum
1008 340 1071 390 qui
1096 340 1250 378 dixerit:
1279 342 1423 378 erratis
1447 339 1657 391 vestientes
1704 341 1842 392 emptu<

248 416 313 443 ras
332 399 614 455 &potestatem
629 403 715 447 Dei,
731 399 1045 436 informationem
1061 396 1107 432 de
1128 397 1335 442 voluntate,
1352 397 1389 432 δε
1407 395 1693 432 meditationem
1708 397 1754 433 de
1778 407 1841 444 po

251 457 390 505 testate,
411 469 508 494 nexu
527 456 724 493 individuo
744 454 1000 505 copulantem.
1057 452 1163 502 Quae
1183 448 1268 487 licet
1285 446 1468 487 veriffima
1483 448 1564 495 fint,
1595 450 1844 488 nihilominus

251 514 345 553 illud
366 522 505 557 manet,
530 510 568 548 in
585 505 852 560 potentissimis
866 507 1042 544 naturalis
1057 503 1312 554 philosophiae
1325 504 1613 553 impedimentis,
1630 517 1670 542 ea
1686 518 1779 554 quae
1798 508 1844 544 de

251 570 338 605 zelo
358 565 535 616 imperito
552 568 587 602 ὃς
610 562 866 616 superstitione
883 563 979 598 dieta
996 561 1093 606 sunt,
1118 559 1207 596 citra
1222 557 1517 596 controversiam
1533 562 1735 596 numerari.

310 623 344 659 C
355 633 413 658 oo
427 632 440 657 1
452 632 533 659 TAV
544 632 557 657 1
568 631 591 656 T
617 623 653 657 ὃ(
669 618 775 664 illud,
798 616 837 653 in
853 616 1021 653 moribus
1037 617 1073 651 δε
1093 612 1267 650 institutis
1283 614 1565 660 academiarum,
1582 615 1845 664 collegiorum,

252 680 291 714 δε
312 675 487 713 similium
506 684 776 717 conventuum,
801 683 895 719 quac
909 671 954 707 ad
970 670 1170 706 doctorum
1197 667 1399 705 hominum
1428 668 1528 704 sedes
1559 671 1594 706 ὃ(
1617 681 1746 718 operas
1767 683 1846 708 mu-

254 743 335 768 tuas
350 730 527 767 destinata
554 728 650 775 sunt,
679 728 811 763 omnia
840 723 1040 776 progressui
1066 721 1303 760 scientiarum
1327 724 1366 758 in
1394 724 1549 760 ulterius
1572 723 1720 760 adversa
1749 723 1846 762 inve-

254 787 348 822 niri:
378 785 641 830 Frequentiam
663 782 767 818 enim
795 781 922 816 multo
942 780 1145 814 maximam
1179 776 1433 825 profess'oriam
1456 779 1594 826 primo,
1626 790 1666 815 ac
1690 778 1848 816 stibinde

255 838 487 876 meritoriam
505 837 584 873 ess‘e.
628 833 824 872 Leetiones
840 843 965 869 autem
982 834 1018 868 ὅ(
1034 829 1204 868 exercitia
1225 833 1276 868 ita
1291 830 1473 880 disposita,
1490 842 1530 868 ut
1545 833 1644 869 aliud
1658 846 1676 868 a
1696 834 1847 870 consuc-

253 895 303 930 tis
319 906 365 929 ne
381 891 487 928 facile
501 890 676 940 cuiquam
692 890 730 924 in
747 897 920 924 mentem
935 888 1058 924 veniat
1086 884 1262 933 cogitare.
1321 887 1388 922 Sin
1411 897 1537 922 autem
1564 886 1674 924 alicui
1696 887 1847 935 inquisi-

256 947 369 984 tionis
385 948 419 982 δε
450 945 577 990 judicii
597 944 768 980 libertate
787 940 842 978 uti
862 943 1078 990 contigerit,
1098 941 1128 976 is
1145 938 1178 975 se
1194 941 1233 976 in
1254 951 1389 988 magna
1405 939 1606 977 solitudine
1626 942 1758 978 versari
1787 944 1849 979 lla-

256 1001 327 1039 tim
344 998 486 1037 sentiet.
546 998 610 1036 Sin
636 1001 672 1035 &
692 998 767 1034 hoc
790 998 1020 1041 toleraverit,
1036 1006 1165 1032 tamen
1180 993 1218 1030 in
1233 994 1446 1045 capeffenda
1460 995 1613 1033 fortuna
1634 995 1847 1034 industriam

255 1056 352 1092 hane
374 1052 771 1103 &magnanimitatem
787 1049 851 1087 fibi
881 1063 962 1088 non
991 1049 1062 1086 levi
1078 1049 1356 1097 impedimento
1380 1050 1463 1086 fore
1489 1052 1709 1101 experietur.
1768 1053 1849 1089 Stu-

255 1110 319 1147 dia
342 1111 445 1146 enim
462 1108 664 1145 hominum
680 1109 720 1144 in
749 1106 933 1151 ejusmodi
968 1104 1059 1141 locis
1088 1103 1126 1139 in
1148 1104 1386 1151 quorundam
1416 1104 1618 1141 authorum
1643 1105 1771 1155 scripta
1791 1119 1850 1145 ve—

256 1163 328 1202 luti
351 1165 511 1213 relegata
532 1163 626 1202 ess'e5
668 1174 688 1198 a
718 1162 853 1209 quibus
879 1159 905 1196 fi
939 1159 1019 1208 quis
1045 1157 1238 1205 diffentiat,
1277 1168 1339 1195 aut
1367 1157 1654 1197 controversiam
1685 1172 1850 1208 moveat,

258 1221 448 1256 continuo
479 1227 519 1254 ut
545 1218 665 1254 homo
696 1216 864 1253 turbidus
887 1217 921 1251 c&
938 1225 1061 1250 rerum
1077 1224 1261 1250 novarum
1280 1212 1433 1264 cupidus
1454 1212 1670 1264 corripitur3
1700 1227 1787 1252 cum
1799 1226 1850 1254 ta-

257 1285 350 1310 men
372 1271 415 1322 (fi
430 1273 511 1321 quis
526 1285 631 1309 verus
654 1271 865 1308 aestimator
880 1267 939 1313 sit)
965 1279 1147 1317 magnum
1176 1267 1377 1304 discrimen
1406 1267 1503 1305 inter
1533 1281 1657 1306 rerum
1682 1269 1850 1308 civilium

257 1340 301 1365 ac
316 1329 453 1365 artium
471 1325 830 1364 administrationem
850 1325 1065 1373 reperiatur.
1123 1323 1217 1360 Non
1239 1323 1342 1358 enim
1359 1322 1461 1359 idem
1474 1325 1683 1373 periculum
1708 1337 1727 1362 a
1750 1338 1851 1363 nova

256 1384 342 1420 luce
363 1395 439 1419 aca
458 1394 561 1419 novo
577 1391 686 1418 motu
708 1379 847 1416 instare.
907 1380 1050 1416 Verum
1082 1378 1123 1412 in
1152 1377 1260 1412 rebus
1286 1375 1452 1413 civilibus
1486 1387 1637 1414 motum
1664 1378 1775 1416 etiam
1809 1383 1850 1417 in

258 1436 395 1474 melius
408 1436 610 1487 suspectum
632 1435 699 1472 css'e
716 1435 766 1471 ob
781 1431 1114 1484 perturbationem,
1138 1441 1227 1466 cum
1250 1429 1369 1467 civilia
1388 1431 1624 1479 authoritate,
1653 1433 1849 1482 consensu,

260 1492 370 1537 fama,
400 1492 595 1542 opinione,
620 1501 701 1525 non
717 1486 1034 1524 demonstratione
1053 1487 1089 1522 ὅ(
1105 1487 1258 1522 veritate
1274 1485 1454 1523 constent.
1511 1489 1553 1524 In
1572 1486 1709 1526 artibus
1723 1500 1850 1527 autem

261 1549 299 1583 ὃ(
313 1546 485 1590 scientiis,
503 1555 683 1594 tanquam
706 1542 744 1579 in
757 1542 900 1578 mctalli
916 1541 1068 1586 fodinis,
1080 1541 1211 1577 omnia
1225 1541 1334 1576 novis
1352 1542 1526 1592 operibus
1557 1543 1592 1578 ὃ(
1613 1543 1852 1581 ulterioribus

259 1596 511 1649 progreffibus
538 1599 694 1647 strepere
723 1597 870 1633 debere.
940 1596 1071 1643 Atque
1110 1595 1208 1631 recta
1249 1595 1395 1632 ratione
1423 1608 1505 1633 rem
1547 1596 1583 1632 se
1621 1598 1671 1634 ita
1699 1598 1847 1636 habere.

260 1657 303 1691 ln
319 1655 390 1692 vita
405 1665 531 1691 autem
546 1652 665 1690 visum
681 1651 730 1689 est
745 1654 792 1698 ei,
815 1651 1072 1688 doctrinarum
1100 1648 1270 1698 politiam
1294 1651 1330 1685 &
1354 1650 1724 1700 administrationem,
1753 1665 1851 1702 quae

260 1713 299 1746 in
324 1709 389 1747 usu
410 1710 469 1756 est,
498 1707 735 1746 scientiarum
751 1716 951 1756 augmenta
980 1707 1016 1742 &
1036 1702 1291 1755 propaginem,
1321 1701 1515 1743 durissime
1535 1717 1704 1758 premere
1725 1710 1761 1745 ὅ(
1787 1720 1850 1746 co-

260 1765 399 1801 hibere.

315 1820 418 1856 Coo
432 1829 601 1856 ITAVIT
629 1819 664 1855 &
690 1817 806 1858 illud;
837 1818 950 1854 etiam
966 1817 1007 1852 in
1030 1814 1213 1865 opinione
1234 1815 1439 1852 hominum
1461 1817 1497 1852 δί
1518 1815 1621 1853 sensu
1637 1819 1848 1865 communi,

262 1875 380 1911 multa
403 1875 543 1922 ubique
581 1885 790 1918 occurrere,
820 1884 912 1920 quae
940 1883 1054 1909 novas
1089 1869 1326 1907 scientiarum
1346 1867 1569 1908 acceffiones
1600 1872 1720 1909 libero
1748 1872 1849 1911 aditu

260 1929 494 1979 prohibeant.
552 1927 757 1964 Maximam
773 1928 876 1963 enim
897 1936 1042 1978 partem
1063 1925 1281 1971 hominum,
1295 1926 1548 1976 praesentibus
1569 1938 1650 1964 non
1677 1939 1847 1976 aequam,

261 1985 302 2019 in
327 1982 583 2031 antiquitatem
609 1983 853 2034 propendere,
879 1993 921 2018 ac
951 1981 1115 2026 credere,
1152 1978 1178 2016 fi
1215 1980 1337 2027 nobis,
1367 1982 1431 2032 qui
1472 1993 1572 2018 nunc
1602 1981 1770 2029 vivimus,
1807 1995 1861 2023 ea,

261 2037 339 2073 sors
358 2037 572 2083 obveniss'et,
593 2046 634 2074 ut
651 2049 744 2088 quae
759 2037 804 2073 ab
820 2037 981 2084 antiquis
999 2034 1158 2086 quaefita
1187 2036 1223 2071 δί
1247 2036 1400 2072 inventa
1425 2035 1521 2083 sunt,
1550 2036 1662 2085 primi
1692 2047 1849 2074 tentare-

261 2104 358 2138 mus,
383 2104 454 2128 nos
469 2104 600 2128 eorum
616 2091 726 2142 pensa
749 2093 869 2140 longo
893 2091 1092 2128 intervallo
1106 2102 1187 2126 non
1203 2089 1308 2126 fuiss'e
1320 2100 1560 2138 aequatur-os:
1590 2091 1735 2130 credere
1754 2090 1851 2129 fimi-

263 2145 356 2193 liter,
381 2145 405 2183 fi
420 2146 500 2194 quis
515 2148 746 2183 etiamnunc
776 2145 934 2194 ingenio
957 2144 1025 2182 suo
1044 2144 1214 2191 confisus,
1234 2143 1515 2195 inquisitionem
1544 2145 1589 2182 de
1609 2145 1757 2196 integro
1781 2145 1858 2184 sus-v

260 2202 383 2249 cipere
399 2201 555 2247 affe&et,
583 2201 683 2238 hunc
703 2199 851 2245 hujusce
866 2198 919 2237 rei
935 2209 1117 2237 eventum
1136 2199 1228 2246 fore,
1256 2210 1297 2236 ut
1324 2210 1386 2237 aut
1414 2199 1452 2236 in
1480 2200 1554 2251 ipsa
1574 2201 1727 2248 incidat,
1757 2215 1850 2250 quae

261 2256 307 2291 ab
324 2258 544 2304 antiquitate
573 2256 728 2304 probata
744 2254 853 2295 sunt3
893 2264 954 2291 aut
988 2254 1072 2291 sane
1101 2253 1139 2290 in
1161 2253 1240 2301 alia,
1270 2267 1362 2304 quae
1393 2255 1438 2291 ab
1460 2256 1679 2303 antiquitate
1703 2257 1850 2307 jampri-

263 2310 351 2346 dem
373 2309 528 2356 judicata
554 2313 589 2347 &
611 2310 741 2354 rejecta
755 2311 795 2346 in
815 2308 1047 2347 oblivionem
1063 2310 1202 2346 merito
1218 2309 1357 2346 cessere.
1414 2309 1538 2356 Alios,
1555 2310 1671 2359 spreta
1686 2311 1850 2350 omnino

261 2374 373 2411 gente
402 2367 437 2402 &
459 2366 632 2402 facultate
649 2365 823 2411 humana,
853 2364 1044 2412 utriusque
1077 2363 1267 2415 temporis,
1302 2362 1372 2400 five
1401 2365 1549 2413 antiqui
1580 2363 1649 2402 five
1674 2369 1777 2414 novi,
1807 2369 1847 2404 in

263 2417 486 2466 opinionem
515 2420 589 2456 labi
619 2419 805 2456 curiosam
827 2420 863 2455 ὅ(
887 2416 1197 2470 superstitiosam5
1239 2418 1493 2465 existimantes,
1519 2418 1749 2457 scientiarum
1778 2424 1851 2473 pri-

262 2474 410 2510 mordia
434 2486 454 2511 a
473 2473 656 2523 spiritibus
673 2473 842 2519 manaffe,
867 2475 903 2511 &
926 2475 972 2510 ab
1000 2484 1131 2510 eorum
1160 2471 1378 2522 dignatione
1407 2475 1443 2510 δε
1471 2473 1667 2511 consortio
1686 2473 1850 2514 fimiliter

262 2537 360 2562 nova
389 2527 537 2565 inventa
564 2529 896 2565 authoramentum
916 2528 1052 2565 habere
1072 2526 1182 2576 poss'e.
1238 2527 1349 2564 Alios
1379 2530 1562 2577 opinione
1591 2530 1706 2578 magis
1731 2529 1850 2568 sobria

261 2580 299 2616 δε
320 2579 450 2629 severa,
475 2583 534 2619 sed
559 2580 766 2620 diffidentia
788 2584 968 2632 graviore,
992 2583 1039 2619 de
1070 2582 1233 2619 auctiore
1257 2580 1492 2620 scientiarum
1523 2583 1611 2620 statu
1640 2585 1748 2632 plane
1789 2586 1850 2622 de—

263 2632 417 2682 sperare,
452 2647 601 2674 naturae
631 2636 904 2683 obscuritatem,
935 2638 1156 2674 brevitatem
1183 2638 1290 2683 vitae,
1320 2637 1493 2675 sensuum
1526 2639 1694 2685 fallacias,
1724 2640 1848 2684 judicii

261 2688 534 2737 infirmitatem,
558 2694 594 2728 ὃ(
610 2693 955 2743 experimentorum
978 2688 1213 2729 difficultates
1240 2694 1276 2728 ὃς
1304 2690 1503 2729 immensas
1531 2692 1720 2730 varietates
1745 2707 1850 2746 repu-

260 2743 390 2797 tando.
448 2746 572 2794 Itaque
588 2745 800 2791 hujusmodi
816 2745 887 2795 spei
903 2746 1069 2792 exeess‘us,
1099 2758 1193 2793 quae
1216 2745 1370 2792 majora,
1399 2758 1510 2794 quam
1536 2759 1629 2794 quae
1657 2747 1848 2797 habemus,

261 2797 453 2846 spondeat,
482 2799 549 2835 csse
564 2802 783 2848 impotentis
810 2799 924 2837 animi
948 2803 984 2837 &
1010 2802 1215 2847 immaturi,
1239 2810 1349 2851 atquc
1377 2802 1470 2838 laeta
1501 2800 1636 2838 scilicet
1658 2802 1849 2856 principia,

260 2851 383 2889 media
404 2853 527 2898 ardua,
557 2863 720 2891 extrema
759 2855 912 2892 confusa
935 2854 1082 2901 habere,
1109 2867 1178 2892 nec
1207 2857 1399 2892 minorem
1427 2854 1723 2904 desperationem
1752 2870 1850 2907 prae-

261 2907 329 2942 mii
346 2919 460 2954 quam
485 2906 567 2944 fasti
583 2908 676 2943 css'e:
710 2909 884 2946 Scientias
904 2908 1082 2959 fiquidem
1111 2909 1149 2945 in
1165 2908 1307 2958 magnis
1337 2908 1492 2958 ingeniis
1516 2911 1768 2958 proculdubio
1797 2915 1849 2950 in<

262 2960 355 2997 nasei
375 2964 413 2998 ὃς
434 2960 556 3010 augeri
574 2979 586 3003 ς
630 2964 747 3012 pretia
767 2974 892 3000 autem
914 2967 950 3001 ὅ(
975 2963 1244 3001 aestimationes
1265 2964 1499 3000 scientiarum
1523 2977 1636 3013 penes
1662 2969 1846 3018 populum

261 3024 322 3051 aut
348 3018 531 3065 principes
555 3015 663 3062 viros,
691 3026 753 3052 aut
790 3017 879 3054 alios
912 3016 1152 3055 mediocriter
1186 3019 1317 3055 doaos
1335 3017 1414 3054 ess'e.
1471 3020 1597 3067 ltaque
1620 3032 1700 3057 non
1717 3033 1850 3060 eorun-

259 3070 346 3105 dem
381 3069 677 3121 propositionem
712 3069 946 3108 scientiarum
976 3074 1012 3108 &
1036 3071 1216 3116 judicium
1248 3072 1343 3108 ess'e:
1391 3073 1490 3109 unde
1518 3073 1610 3119 fieri,
1637 3085 1679 3112 ut
1704 3088 1746 3113 ea
1771 3087 1849 3114 tan-

259 3134 341 3161 tum
360 3122 509 3163 inventa
532 3124 691 3175 vigeant,
720 3137 813 3175 quae
833 3127 1004 3175 populari
1029 3126 1173 3171 judicio
1202 3129 1237 3171 εἷς
1259 3125 1373 3164 sensui
1407 3131 1606 3165 communi
1635 3142 1851 3168 accommo»

1767 3185 1849 3222 dat-i
