1973 3570
87 583 90 586 Ι
236 479 313 554 A
427 478 500 552 R
608 472 696 550 T
803 477 841 552 1
944 471 1021 552 C
1121 471 1210 550 U
1317 472 1385 548 L
1498 478 1537 554 1

78 636 1697 759 QUAESTIONUM

747 861 1028 902 CIRCA

138 965 1637 1129 MINERALIA

78 1297 222 1338 Prima
236 1293 355 1336 litera
369 1291 567 1348 alphabeti
583 1291 634 1344 cst
649 1289 871 1352 compostzfim
899 1291 1168 1385 ilncorporatio,
1197 1298 1269 1331 aut
1283 1293 1371 1332 unio
1387 1291 1627 1332 metallorum
1640 1289 1692 1336 <20-

760 1358 908 1386 mmera
925 1359 1016 1385 zum.

283 1487 620 1531 UIBUSCUM
649 1486 812 1523 metallis
841 1498 975 1524 aurum
995 1498 1061 1536 per
1085 1484 1292 1539 fimplicem
1313 1485 1696 1536 colliquefafflonem

309 1544 582 1597 incorporabit,
611 1545 648 1580 &
668 1541 891 1590 quibuscum
906 1554 1010 1578 non:
1040 1554 1113 1590 qua
1133 1544 1226 1579 item
1247 1543 1456 1590 quantitate
1476 1541 1694 1594 incorpom-

309 1604 378 1650 bit,
407 1605 444 1639 &
463 1599 568 1648 quod
582 1610 700 1648 genus
720 1595 888 1648 corporis
901 1598 986 1635 talis
1005 1595 1232 1647 compositio
1248 1596 1473 1635 constituet?

363 1657 556 1695 AURUM
571 1666 658 1691 cum
678 1663 848 1702 argeum,
877 1653 982 1701 quod
998 1652 1070 1690 fuit
1090 1663 1196 1690 vetus
1208 1652 1305 1696 ilLud
1326 1652 1527 1694 elecstrumv:
1557 1664 1691 1690 aurum

77 1730 168 1771 qum
182 1717 428 1767 hydrargyro,
456 1709 527 1748 five
541 1719 700 1759 argento
713 1707 818 1747 vivo:
840 1720 972 1746 aurum
989 1720 1077 1746 cum
1089 1708 1268 1758 plumbo:
1297 1720 1432 1745 aurum
1444 1719 1533 1744 cum
1548 1706 1694 1758 cyprio,

79 1773 151 1812 five
167 1778 310 1825 cupro:
339 1779 472 1806 aurum
487 1777 576 1804 cum
589 1777 692 1802 aere:
721 1775 855 1801 aurum
871 1776 959 1802 cum
974 1764 1098 1806 ferro3
1127 1775 1261 1803 aurum
1276 1775 1365 1807 cum
1383 1762 1528 1800 stanno.
1662 1765 1665 1767 ’

690 1856 914 1910 Argentum
928 1855 1078 1896 itidem.

134 1939 311 1978 ARGEN
321 1948 345 1973 T
357 1944 427 1973 UM
441 1944 529 1971 cum
549 1942 708 1981 argento
721 1932 830 1968 vivo:
858 1942 1058 1980 argentum
1074 1942 1164 1968 cum
1178 1930 1338 1980 plumbo
1351 1930 1371 1968 ε’
1388 1940 1589 1981 argentum
1604 1930 1694 1980 cum

79 2009 218 2050 cupro:
245 2001 446 2042 argentum
461 2000 551 2026 cum
564 1999 667 2024 aete:
696 1996 895 2036 argentum
910 1999 998 2024 cum
1017 1986 1139 2024 fen-0:
1169 1997 1370 2036 argentum
1386 1999 1475 2025 cum
1488 1985 1634 2025 stanno,

639 2075 737 2118 Tum
751 2084 955 2132 argentum
975 2078 1129 2116 vivum.

132 2161 430 2200 ARGENTUM
452 2154 579 2193 vivum
594 2165 682 2192 cum
705 2153 887 2203 plumbo:
916 2165 1118 2203 argentum
1135 2154 1265 2193 vivum
1281 2166 1370 2191 cum
1393 2165 1534 2203 cupro:
1564 2164 1692 2201 argen-

80 2229 166 2257 tum
183 2216 313 2252 vivum
332 2224 421 2250 cum
441 2223 548 2248 aere:
585 2219 784 2259 argentum
803 2207 931 2247 vivum
951 2222 1041 2247 cum
1063 2209 1190 2247 ferto:
1227 2219 1428 2259 argentum
1448 2210 1576 2247 vivum
1603 2218 1691 2244 cum

81 2274 225 2312 stanno,

645 2373 648 2376 Α
703 2325 915 2367 ‘Plumbum
936 2328 1068 2365 etiam.

134 2411 386 2448 PLUMBUM
401 2417 488 2443 cum
504 2415 642 2454 cupro:
657 2403 864 2453 ‘plumbum
879 2413 967 2440 cum
984 2413 1087 2439 aere:
1108 2400 1309 2451 plumbum
1324 2410 1412 2437 cum
1425 2398 1550 2436 serto:
1569 2399 1691 2452 plum-

83 2466 177 2504 bum
191 2474 280 2502 eum
297 2462 440 2498 stanno.

709 2530 876 2583 Cuprum
881 2528 1050 2583 pariter.

138 2614 356 2651 CUPRUM
371 2620 459 2646 cum
476 2620 579 2645 acte:
608 2618 768 2657 cuprum
788 2617 876 2643 cum
895 2603 1017 2641 ferro:
1047 2615 1208 2656 cuprum
1222 2613 1311 2640 cum
1326 2600 1470 2639 stanno.

758 2682 866 2725 AEs
892 2683 1023 2722 etiam.

139 2766 234 2805 AEs
250 2777 337 2804 cum
353 2764 475 2802 ferro:
504 2774 562 2800 aes
581 2773 669 2799 cum
683 2761 827 2798 stanno.

731 2851 880 2892 Ultimo
889 2847 1056 2903 ferrum.

140 2925 165 2961 F
176 2935 232 2960 ER
241 2934 306 2960 RU
316 2931 351 2957 M
366 2933 455 2957 cum
472 2918 617 2956 stanno.

139 2980 249 3030 QUA
259 2986 399 3014 ENAM
421 2973 490 3012 fint
507 2973 658 3011 metalla
680 2969 886 3023 composita
899 2968 1016 3017 vulgo
1031 2965 1159 3006 ufitata
1179 2977 1290 3017 atque
1305 2967 1470 3017 cognita,
1499 2966 1537 3001 δε
1557 2963 1692 3012 quibus

87 3031 397 3087 proportionibus
418 3043 459 3067 ea
475 3029 709 3066 misceantur.
766 3029 930 3076 Nempe,

142 3090 179 3125 O
189 3099 217 3124 R
227 3098 241 3123 1
251 3098 273 3123 c
281 3098 308 3123 H
318 3098 342 3122 A
351 3097 375 3122 L
384 3098 406 3122 c
414 3097 442 3122 U
451 3096 486 3122 M
501 3097 544 3122 ex
559 3096 642 3121 acre
658 3086 694 3120 ὃς
711 3083 872 3120 Cadmia
886 3079 957 3120 five
973 3078 1093 3129 lapide
1107 3079 1335 3119 calaminari.

140 3144 348 3182 PLUMBU
358 3151 392 3176 M
406 3139 596 3188 cinereum
618 3151 660 3176 ex
680 3138 841 3190 plumbo
855 3136 1000 3187 vulgati
1015 3136 1051 3173 &
1064 3134 1208 3173 stanno,

142 3198 230 3236 AEs
248 3196 487 3246 Campanum
503 3206 557 3242 cx,
586 3196 655 3232 &c.

197 3253 306 3291 VOL.
335 3252 378 3288 Η.
819 3248 854 3286 C
871 3259 890 3284 c
916 3258 935 3285 2
1519 3238 1692 3276 METAL-
