1973 3570
94 226 191 274 294
277 204 797 257 DESCRIPTIO
839 205 1059 252 GLOBI
1096 200 1771 250 INTELLECTUAL.

203 348 210 353 ζ
259 308 377 356 magis
394 307 431 344 in
447 303 706 344 observatione
734 303 1001 340 communium
1031 297 1245 350 paffionum
1271 303 1307 338 &
1329 299 1596 338 desideriorum
1614 300 1787 340 materiae
1810 303 1848 341 in

258 373 422 410 utroque
449 361 578 411 globo.
635 360 786 396 Etenim
811 358 872 394 ista
905 356 1168 393 aethereorum
1201 357 1236 391 ὃς
1262 353 1519 392 sublunarium
1547 368 1642 403 quae
1670 366 1848 406 putantur

270 415 441 463 divortia,
464 424 684 452 commenta
699 414 810 449 nobis
824 411 996 448 videntur
1018 412 1053 446 &
1068 408 1272 458 superstitio
1286 421 1374 446 eum
1393 409 1601 447 temeritate
1619 424 1628 451 3
1670 422 1758 445 eum
1773 424 1848 449 cet-

263 467 447 508 tiffimum
467 469 508 506 fit
524 469 733 518 complures
749 466 899 504 effecius
913 466 1028 502 veluti
1041 462 1281 516 expanfioni3‚
1297 463 1574 510 eontraCtionis,
1587 460 1848 513 impressioniS,

266 523 449 571 cellionis,
479 521 781 572 congregationis
814 521 859 558 ad
888 519 1025 565 massas,
1051 518 1290 565 attraffionis,
1317 519 1533 565 abaffionis,
1561 516 1848 566 assimilationis‚

266 581 419 617 unionis
435 581 470 615 ὅ(
485 577 671 623 similium,
692 589 771 613 non
789 575 911 612 solum
924 576 985 612 hic
1001 574 1096 625 apud
1120 585 1202 619 nOS,
1234 573 1294 610 sed
1326 576 1360 610 ὀί
1378 575 1417 610 in
1434 572 1579 622 fastigiis
1609 571 1717 618 coeli,
1747 578 1782 612 ὅ(
1809 578 1848 612 in

264 633 460 671 visceribus
474 644 591 670 terrae
606 634 733 669 locum
751 631 894 667 habere.
951 629 1080 679 Atque
1100 640 1182 665 non
1211 628 1272 664 alii
1295 627 1511 676 interpretes
1532 627 1648 676 magis
1668 628 1732 664 fidi
1752 629 1851 667 adhi-

264 688 340 726 beri
369 700 430 725 aut
459 686 604 724 consuli
632 685 790 735 poss'unt,
831 695 872 721 ut
912 682 1120 720 intellefitus
1149 682 1333 719 humanus
1364 685 1399 719 Ex*
1428 682 1472 719 ad
1502 683 1690 734 profunda
1720 694 1850 731 terrae,

264 756 359 792 quae
387 742 548 779 omnino
577 753 658 777 non
685 749 902 783 cernuntur,
947 739 983 774 &
1026 738 1070 774 ad
1100 738 1173 773 alta
1210 739 1305 773 coeli
1347 749 1440 787 quae
1468 738 1689 788 plerumque
1718 737 1852 775 fallaci-

265 809 322 835 ter
352 807 575 841 cernuntur,
613 803 793 845 penetret.
877 794 1005 839 Itaque
1047 793 1192 840 optime
1229 793 1371 842 antiqui
1414 793 1479 839 qui
1524 788 1712 828 “Proteum
1741 794 1852 829 illum

266 852 558 895 multiformem,
600 850 713 885 etiam
744 858 867 884 vatem
899 856 955 882 ter
987 848 1194 882 maximum
1227 845 1330 882 fuisse
1359 848 1588 886 retulerunt;
1631 849 1695 894 qui
1716 847 1853 892 futura,

265 907 473 956 praeterita,
504 906 540 940 δε
569 904 714 940 occulta
745 900 992 952 praesentium
1021 899 1188 938 novifl'ct.
1247 902 1350 937 Nam
1374 902 1438 948 qui
1464 901 1639 937 materiae
1667 897 1852 950 pastiones

267 961 465 998 catholicas
484 960 603 1003 novit,
632 967 742 1005 atque
761 968 824 1005 per
846 955 935 992 haec
958 956 1065 992 novit
1095 954 1186 1003 quid
1219 954 1288 991 ess'e
1318 951 1458 1005 possit3
1500 967 1580 991 non
1608 955 1747 1006 poterit
1772 969 1854 993 non

267 1015 370 1052 noll'e
408 1016 521 1051 etiam
555 1012 644 1061 quid
670 1009 792 1057 fuerit,
829 1009 919 1058 quid
946 1008 1001 1056 sit,
1043 1012 1079 1045 ὅ(
1113 1009 1203 1057 quid
1231 1009 1402 1047 futurum
1441 1007 1495 1055 fit,
1525 1010 1730 1047 secundum
1759 1011 1854 1047 sum-

268 1082 347 1106 mas
372 1081 509 1106 rerum.
568 1069 694 1115 Itaque
729 1066 935 1114 plurimum
963 1063 1037 1115 spei
1066 1066 1101 1100 &
1125 1062 1287 1113 praesidii
1309 1064 1355 1101 ad
1378 1065 1743 1114 contemplationem
1771 1078 1854 1103 coe-

268 1125 415 1161 lestium
448 1122 486 1159 in
529 1120 679 1172 physicis
720 1119 924 1157 rationibus
966 1120 1226 1160 collocamus3
1269 1131 1333 1168 per
1361 1117 1522 1168 physicas
1549 1120 1712 1156 rationes
1748 1119 1855 1157 intel-

270 1178 426 1228 ligendo
453 1189 535 1214 non
560 1189 618 1213 eas
651 1187 745 1223 quae
776 1175 892 1223 vulgo
929 1173 998 1210 effe
1025 1184 1214 1223 putantur,
1245 1173 1304 1210 sed
1331 1184 1481 1211 tantum
1515 1173 1724 1210 dostrinam
1758 1174 1855 1212 circa

272 1235 359 1271 illos
382 1231 562 1282 appetitus
591 1232 777 1276 materiae,
801 1241 896 1277 quos
924 1229 1027 1265 nulla
1051 1230 1252 1278 regionum
1283 1239 1345 1265 aut
1368 1230 1541 1265 locorum
1571 1227 1754 1266 diverfitas
1786 1229 1856 1267 dis-

269 1289 415 1326 trahere
430 1297 491 1324 aut
510 1285 762 1323 disterminare
777 1293 896 1334 queat.
954 1285 1089 1331 Neque
1105 1293 1298 1332 propterea
1330 1282 1388 1332 (ut
1410 1284 1454 1319 ad
1484 1281 1717 1334 propositum
1740 1296 1856 1321 rever-

271 1341 410 1389 tamur)
435 1343 500 1380 ulli
525 1340 739 1390 diligentiae
759 1337 857 1391 parci
872 1339 1057 1384 volumus,
1082 1350 1176 1386 quae
1199 1340 1294 1375 circa
1313 1338 1667 1388 phaenomenorum
1691 1337 1855 1387 ipsorum

272 1397 486 1434 coelestium
505 1395 730 1433 narrationes
755 1397 790 1430 δε
807 1392 1083 1430 observationes
1102 1388 1214 1440 possit
1229 1391 1407 1442 impendi.
1463 1393 1566 1430 Nam
1594 1393 1747 1439 quando
1771 1394 1858 1431 ube-

272 1454 350 1489 rior
366 1451 528 1503 suppetat
544 1450 839 1499 apparentiarum
863 1446 1081 1491 hujusmodi
1104 1444 1221 1497 copia,
1251 1456 1359 1483 tanto
1389 1448 1519 1483 onmia
1542 1456 1652 1484 erunt
1676 1450 1711 1484 δί
1740 1450 1859 1498 magis

272 1509 314 1544 in
336 1516 514 1556 promptu
539 1507 575 1542 δε
596 1502 772 1541 firmiora.
828 1503 886 1538 De
901 1513 978 1549 quo
994 1511 1193 1548 antequam
1216 1501 1320 1552 plura
1335 1501 1511 1547 dicamus,
1541 1499 1589 1538 est
1613 1502 1724 1552 plane
1751 1504 1857 1551 quod

274 1562 501 1610 gratulemur
532 1558 889 1595 &mechanicorum
919 1556 1127 1603 industriae,
1158 1557 1194 1592 &
1230 1556 1432 1593 doffiiorum
1465 1556 1703 1604 quorundam
1737 1557 1857 1594 homi-

272 1628 366 1653 num
389 1627 494 1652 curae
520 1615 554 1650 δε
570 1611 755 1658 alacritati,
772 1611 875 1660 quod
899 1612 971 1656 jam
988 1623 1104 1661 nuper
1123 1622 1188 1661 per
1209 1610 1543 1648 instrumentorum
1565 1612 1779 1662 opticorum
1799 1625 1857 1648 ve-

275 1671 345 1708 luti
363 1669 506 1719 scaphas
527 1668 762 1706 &naviculas
791 1677 888 1702 nova
908 1664 1042 1702 tentari
1065 1667 1258 1714 coeperint
1283 1677 1368 1703 cum
1393 1664 1606 1703 coelestibus
1633 1666 1859 1715 phaenome-

275 1724 331 1762 nis
349 1722 585 1761 commercia.
642 1722 770 1772 Atque
784 1720 858 1757 hoc
872 1719 1062 1769 inceptum
1078 1722 1113 1756 ὅ(
1128 1720 1203 1757 fine
1218 1722 1254 1756 ὃς
1269 1720 1433 1769 aggress'u
1458 1722 1588 1757 nobile
1608 1721 1799 1769 quoddam
1821 1725 1858 1759 <Sc

274 1780 444 1816 humano
464 1790 597 1827 genere
618 1776 775 1826 dignum
795 1775 863 1812 esse
883 1776 1150 1812 existimamus:
1189 1776 1247 1812 Eo
1279 1775 1392 1824 magis
1416 1776 1522 1823 quod
1551 1775 1767 1820 hujusmodi
1795 1776 1860 1813 ho-

275 1836 397 1871 mines
413 1836 448 1870 δε
464 1833 549 1870 ausu
566 1832 737 1869 laudandi
754 1829 821 1867 lint
838 1834 872 1866 ὃ(
895 1830 966 1866 fide
982 1843 992 1870 5
1020 1830 1123 1878 quod
1144 1828 1304 1878 ingenue
1321 1834 1356 1867 ὅ(
1374 1830 1560 1880 perspicue
1584 1830 1859 1881 proposuerunt

274 1889 474 1937 quomodo
489 1886 627 1937 singula
643 1888 715 1923 illis
730 1884 970 1922 constiterint.
1028 1884 1196 1933 Superest
1213 1895 1361 1921 tantum
1390 1883 1592 1922 constantia
1615 1897 1702 1922 cum
1723 1897 1859 1934 magna

276 1942 402 1990 judicii
419 1942 621 1988 leret-itate,
641 1952 680 1978 ut
697 1943 732 1977 ὃ(
751 1939 991 1976 instrumenta
1005 1950 1180 1979 mutent;
1217 1942 1253 1976 ὅς
1268 1939 1414 1976 testium
1440 1951 1642 1976 numerum
1671 1951 1827 1989 augeant
1848 1955 1859 1982 5

277 2001 313 2034 δε
330 1996 480 2046 singula,
497 2000 531 2033 ὃ(
549 1997 650 2048 saepe
667 1994 906 2045 experiantur,
932 1997 968 2032 ὅς
983 1995 1093 2040 varie,
1119 1994 1282 2042 denique
1298 2005 1337 2031 ut
1369 1997 1404 2031 ὃ(
1426 1992 1489 2031 fibi
1508 1993 1574 2046 ipsi
1603 1993 1792 2042 objiciant,
1822 1998 1860 2032 δε

277 2051 353 2089 aliis
369 2051 585 2101 patefaciant
606 2050 782 2102 quiequid
798 2048 836 2085 in
863 2049 1092 2086 contrarium
1116 2049 1230 2094 objici
1245 2045 1369 2098 possit,
1391 2052 1428 2086 ὃ(
1453 2045 1711 2087 tenuiffimum
1732 2061 1861 2097 quem-

277 2120 349 2156 que
366 2106 579 2158 scrupulum
594 2118 674 2142 non
691 2105 862 2154 spernant
876 2117 885 2144 5
915 2116 963 2140 ne
978 2104 1079 2140 forte
1094 2104 1167 2140 illis
1183 2106 1338 2150 eveniat,
1364 2105 1467 2152 quod
1481 2103 1711 2141 Democrito
1730 2106 1767 2141 ὃ(
1783 2105 1860 2141 ani—

274 2163 378 2199 culae
393 2161 474 2198 suae
489 2162 612 2198 evenit
625 2162 719 2197 circi
734 2158 822 2195 ficus
836 2159 1006 2205 mellitas,
1024 2168 1065 2195 ut
1080 2160 1200 2196 vetula
1215 2158 1300 2196 ess'et
1315 2158 1539 2210 philosopho
1559 2159 1791 2207 prudentior,
1821 2161 1860 2196 ὃς

277 2228 433 2265 magnae
449 2215 487 2252 &
506 2212 729 2253 admirabilis
752 2213 1011 2262 speculationis
1037 2213 1161 2250 causae
1184 2213 1336 2251 subess'et
1360 2227 1464 2251 error
1484 2212 1661 2262 quispiam
1684 2215 1806 2251 tenuis
1822 2216 1860 2252 &

278 2270 462 2308 ridiculus.
520 2271 575 2307 At
590 2269 650 2306 ista
666 2279 845 2317 tanquam
860 2268 1011 2319 praefati
1031 2266 1070 2304 in
1092 2279 1241 2317 genere,
1261 2269 1477 2306 accedamus
1502 2269 1546 2305 ad
1570 2267 1861 2319 descriptionem

277 2325 445 2363 historiae
465 2324 677 2362 coelestium
696 2325 813 2372 magis
834 2321 1049 2372 explicatam
1064 2340 1078 2364 ‚-
1116 2334 1157 2360 ut
1172 2324 1405 2360 ostendamus
1433 2335 1526 2371 quae
1560 2326 1597 2360 ὃ(
1625 2324 1747 2371 qualia
1766 2324 1862 2360 circa

277 2379 446 2417 coelestia
475 2380 600 2429 quaeri
628 2387 809 2429 oporteat.
865 2379 997 2415 Primo
1019 2377 1132 2426 igitur
1167 2378 1394 2426 quaestiones
1420 2379 1612 2424 naturales,
1641 2388 1703 2415 aut
1731 2376 1862 2415 saltem

279 2434 378 2471 exiis
407 2436 617 2480 nonnullas,
643 2433 772 2482 easque
794 2434 1005 2484 praecipuas
1028 2443 1309 2482 proponemus:
1350 2432 1389 2469 iis
1404 2433 1488 2469 usus
1505 2433 1703 2479 humanos,
1732 2433 1860 2480 quales

280 2488 470 2526 verilimile
495 2490 540 2526 ess·
570 2501 615 2526 ex
640 2486 851 2526 coelestium
878 2487 1201 2538 contemplatione
1222 2486 1327 2524 educi
1353 2487 1465 2539 poss'e,
1487 2488 1730 2532 adjiciemus3
1772 2487 1863 2524 haec

281 2555 434 2591 utraque
456 2555 630 2593 tanquam
651 2541 819 2580 historiae
835 2541 1011 2592 scopum3
1040 2551 1081 2578 ut
1104 2540 1234 2591 quibus
1262 2541 1450 2579 historiam
1481 2541 1692 2579 coelestium
1707 2552 1862 2590 compo-

282 2611 370 2635 nere
394 2610 499 2634 curae
518 2601 599 2645 erit,
624 2599 753 2635 norint
775 2597 864 2645 quid
895 2607 1034 2646 agatur,
1065 2595 1194 2644 easque
1215 2597 1444 2646 quaestiones
1467 2609 1541 2634 una
1569 2608 1656 2634 cum
1683 2597 1862 2646 operibus

282 2654 357 2690 illis
374 2654 407 2688 ὅ(
425 2652 559 2689 effectis
574 2653 730 2690 habeant
746 2653 784 2689 in
801 2651 931 2688 animo
946 2654 982 2688 3(
998 2653 1213 2688 intueantur
1230 2665 1240 2692 5
1274 2652 1374 2688 unde
1400 2653 1512 2689 talem
1537 2650 1725 2688 instituant
1754 2652 1789 2686 ὃ(
1804 2662 1863 2700 pa-

284 2717 366 2744 rent
395 2705 594 2753 historiam,
623 2708 739 2755 qualis
773 2708 816 2744 ad
843 2705 974 2747 iudicia
1001 2705 1217 2751 hujusmodi
1242 2705 1496 2758 quaestionum
1523 2708 1559 2743 &
1586 2705 1864 2757 praebitionem

280 2761 495 2805 hujusmodi
529 2762 664 2798 finitus
696 2763 731 2798 ὅ(
756 2760 960 2799 utilitatum
989 2773 1073 2810 erga
1101 2772 1216 2810 genus
1243 2761 1464 2807 humanum,
1493 2758 1535 2797 fit
1564 2759 1862 2796 accommodata.

278 2816 521 2868 Qtaestiones
544 2826 668 2852 autem
685 2817 930 2865 intelligimus
947 2817 1022 2860 ejus
1037 2817 1193 2864 generis,
1216 2828 1308 2864 quae
1332 2816 1378 2853 de
1395 2816 1491 2852 fasto
1505 2825 1656 2851 naturae
1671 2825 1862 2864 quaerant,

282 2884 362 2908 non
379 2871 424 2907 de
440 2867 559 2906 causis,
616 2871 699 2906 Hoc
723 2869 824 2906 enim
845 2869 1002 2920 pertinet
1034 2872 1184 2922 proprie
1203 2871 1249 2907 ad
1275 2870 1472 2907 historiam.
1528 2867 1674 2905 Deinde
1702 2866 1864 2906 distinete

283 2924 566 2962 monstrabimus
594 2922 631 2960 in
675 2924 807 2971 quibus
837 2925 985 2962 historia
1013 2925 1228 2962 coelestium
1255 2923 1447 2964 consistats
1491 2935 1656 2973 quaeque
1686 2923 1761 2967 ejus
1794 2920 1865 2959 sint

282 2991 400 3031 partes
416 2994 424 3020 5
455 2991 546 3027 quae
565 2991 617 3015 res
632 2976 700 3015 siut
713 2979 1042 3027 apprehendendae
1057 2990 1118 3017 aut
1133 2979 1388 3026 exquirendae,
1411 2990 1506 3026 quae
1529 2977 1777 3026 experimenta
1794 2975 1863 3014 sint

283 3034 531 3083 comparanda
562 3035 598 3071 &
614 3033 855 3082 procuranda,
884 3046 977 3082 quae
1001 3034 1279 3072 observationes
1307 3032 1537 3070 adhibendae
1563 3035 1599 3068 ὅ(
1619 3030 1865 3083 pensitandae‚

281 3099 535 3141 proponentes
554 3099 732 3139 tanquam
755 3086 877 3140 topica
904 3088 1085 3140 quaedam
1109 3087 1306 3136 inductiva,
1334 3085 1404 3127 fiVc
1432 3088 1607 3125 articulos
1636 3087 1680 3123 ad
1709 3085 1865 3123 interro-

1702 3140 1864 3187 gaudum
