1973 3570
261 245 352 290 DE
395 241 1130 291 INTERPRETATIONE
1170 242 1543 288 NATURAE.

99 343 302 380 brutorum
319 336 458 390 effigies
472 341 512 377 in
535 339 683 390 templis
700 340 975 389 reperirentur3
1005 349 1093 375 cum
1117 337 1288 375 animalia
1315 339 1470 375 rationis
1487 340 1646 388 expertia
1669 353 1713 380 ex

95 410 221 446 aequo
250 395 324 432 fere
352 394 675 432 cumhominibus
703 404 857 432 naturae
873 394 1142 444 operationum
1169 392 1382 430 inventores
1408 392 1558 438 fuerint,
1589 407 1710 443 neque

96 453 141 490 ad
158 453 231 489 1106
252 450 427 487 11011111165
458 449 518 486 sua
534 448 784 498 praerogativa
799 448 1009 485 admodum
1036 446 1087 484 usi
1112 447 1218 484 sunt:
1251 447 1310 484 sed
1325 458 1452 484 tamen
1469 448 1515 484 de
1536 448 1587 494 115,
1616 462 1709 500 quae

94 507 190 545 fiunt
220 505 438 543 videndum.
494 505 541 540 Et
565 506 690 552 primo
723 504 770 540 de
793 500 1011 540 inveniendi
1041 503 1162 539 modo
1190 500 1344 553 simplici
1381 505 1417 539 &
1451 503 1709 551 inartificioso,

97 562 201 610 quod
223 559 438 598 hominibus
461 557 642 596 familiare
663 557 724 604 est,
753 558 791 595 id
818 571 898 595 non
922 557 1023 594 aliud
1044 557 1125 603 6116,
1154 569 1266 606 quam
1292 568 1334 593 ut
1362 557 1402 603 is,
1432 556 1495 607 qui
1525 557 1560 594 se
1588 559 1632 594 ad
1655 558 1708 596 in-

96 616 330 655 veniendum
353 613 491 665 aliquid
518 624 712 664 comparat
736 615 772 652 86
798 613 1017 661 accingitur,
1054 611 1178 663 primo
1203 624 1296 661 quac
1318 613 1363 649 ab
1390 611 1470 649 aliis
1489 611 1585 649 circa
1613 614 1709 651 illud

95 671 190 709 dieta
207 669 290 717 fint,
320 668 535 718 inquirat&
564 669 730 706 evolvat:
759 668 896 705 deinde
925 667 1215 704 meditationem
1240 667 1429 718 propriam
1458 666 1578 704 addat.
1636 670 1709 706 Ve-

97 738 183 765 rum
211 736 251 763 ut
275 723 356 774 quis
373 725 432 762 vel
460 722 621 761 aliorum
645 721 729 760 fidei
757 723 792 760 se
807 721 1035 769 committat,
1064 723 1121 759 vel
1145 721 1313 774 spiritum
1337 722 1446 760 suum
1475 720 1643 769 solicitet,
1673 726 1713 760 86

98 782 174 819 fere
192 782 355 825 invocet,
385 789 426 816 ut
449 777 474 815 Γ
478 777 513 815 61
535 779 682 815 oracula
713 778 861 829 pandat,
891 789 970 814 rem
995 777 1141 826 prorsus
1172 776 1196 814 Γ
1200 790 1245 814 116
1271 778 1522 815 fundamento
1546 777 1627 825 ess'e,
1657 777 1706 815 se-

98 838 163 888 qui
193 836 459 873 inventionem
484 846 578 885 quae
610 833 707 893 apud
736 832 943 870 dialecticos
968 843 1114 881 recepta
1143 831 1195 869 fit.
1253 834 1346 869 Eam
1377 832 1622 870 solummodo
1643 845 1710 870 no-

98 890 201 928 minc
216 901 338 934 tenus,
368 889 413 926 ad
428 887 477 935 id,
507 889 611 939 quod
625 887 757 937 agitur,
785 889 984 938 pertinere.
1043 889 1139 925 Non
1160 889 1263 925 euim
1285 886 1556 938 principiorum
1579 890 1615 924 86
1639 887 1709 925 axi-

95 956 270 984 omatum
286 944 367 990 6116,
396 945 588 995 exquibus
616 954 712 980 artes
740 943 920 990 constant,
951 942 1010 979 1661
1041 952 1190 979 tantum
1218 955 1364 988 eor,um
1394 955 1488 991 quae
1518 941 1587 978 illis
1614 955 1704 980 con

96 1001 269 1038 sentanca
288 997 769 1037 videntu1.Dialcfficam
793 997 895 1035 enim
917 997 1032 1047 magis
1048 997 1215 1034 curiosos
1245 1000 1282 1034 86
1310 996 1547 1047 importunos
1571 999 1607 1034 &
1636 996 1660 1033 Γ
1665 996 1701 1035 61

95 1057 295 1106 negotium
319 1054 541 1100 facessentes,
571 1054 616 1090 ad
630 1053 745 1090 fidem
775 1055 812 1090 86
836 1054 952 1090 veluti
977 1040 1248 1090 sacramentum
1275 1052 1427 1090 cuilibet
1440 1054 1510 1089 arti
1526 1052 1701 1101 praestan-

96 1112 190 1149 dum
218 1106 418 1147 notisslmo
452 1107 630 1160 relponso
658 1107 816 1153 rejicere.
872 1108 1021 1145 Restare
1047 1106 1310 1156 experientiam
1345 1119 1502 1154 11161.,1111
1533 1119 1637 1155 quae,
1674 1105 1701 1145 ss

97 1167 263 1204 occurrit
279 1163 388 1210 casus,
418 1161 616 1212 fiquaefita
644 1161 667 1199 Γ
671 1174 698 1209 t
726 1164 1023 1214 experimentum
1048 1164 1278 1199 nominatur.
1335 1161 1466 1210 Atque
1492 1139 1589 1199 imane
1618 1174 1702 1201 non

97 1221 199 1258 aliud
219 1232 333 1271 quam
360 1219 476 1267 (quod
492 1216 607 1265 aiunt)
639 1217 764 1269 scopis
791 1217 978 1254 (1111016115
1006 1217 1086 1254 esse.
1142 1218 1247 1268 Quin
1273 1219 1310 1253 86
1333 1229 1397 1253 605
1425 1217 1490 1276 qui
1519 1217 1559 1253 in
1579 1218 1703 1265 aliqua

99 1286 228 1328 natura
244 1275 302 1311 vel
325 1275 559 1324 operatione,
588 1285 654 1322 per
676 1273 819 1309 multat
808 1285 837 1309 11
861 1275 897 1309 86
926 1274 1119 1309 erraticim
1145 1285 1207 1320 qu
1198 1272 1333 1308 uidam
1357 1270 1703 1333 experimentorum

101 1323 360 1375 variationem,
390 1328 585 1365 revelanda
613 1326 701 1364 &in
724 1329 848 1363 lucem
877 1327 1068 1364 educenda
1090 1327 1220 1364 16611110
1244 1328 1415 1375 occupati
1443 1326 1539 1372 stint,
1570 1337 1633 1363 aut
1653 1337 1703 1363 at-

99 1384 244 1427 tonitos
271 1384 369 1430 stare,
408 1394 470 1420 aut
505 1381 751 1431 vertiginosos
786 1381 994 1429 circumire,
1031 1382 1234 1433 aliquando
1261 1380 1464 1430 gestientes,
1501 1381 1705 1441 aliquando

101 1439 280 1478 confusos
295 1450 405 1490 atque
423 1438 566 1489 semper
588 1439 757 1474 invenire
775 1438 880 1485 quod
903 1414 1056 1475 ulteiius
1079 1447 1268 1486 quaerant.
1326 1438 1462 1485 Neque
1477 1436 1623 1488 prorsus
1647 1435 1707 1473 ali-

100 1506 158 1534 ter
173 1495 253 1532 fieri
281 1494 393 1545 posse.
451 1492 605 1531 Iniciam
621 1491 724 1530 enim
754 1494 790 1529 86
810 1490 1023 1542 imperitam
1049 1493 1159 1530 valde
1186 1491 1459 1541 cogitationem
1489 1491 1570 1538 6116,
1599 1489 1708 1528 alicu—

102 1552 157 1597 jus
172 1549 225 1587 rei
246 1559 418 1586 naturam
432 1547 472 1585 in
493 1547 604 1597 seipsa
624 1546 896 1597 perscrutandi:
927 1548 1085 1584 eandem
1101 1546 1204 1584 enim
1225 1557 1399 1583 naturam
1425 1545 1465 1583 in
1493 1545 1571 1583 aliis
1595 1547 1710 1583 laten-

104 1618 195 1652 tem,
225 1606 266 1642 in
287 1603 364 1641 aliis
387 1603 620 1640 manifestam
641 1605 678 1640 86
693 1600 791 1651 quasi
814 1603 1037 1655 palpabilem
1066 1603 1135 1639 ess'e
1156 1616 1165 1643 3
1193 1612 1305 1650 atque
1329 1602 1369 1637 in
1398 1601 1472 1638 illis
1495 1601 1709 1638 admiratio-

102 1673 206 1708 nem,
233 1659 273 1697 in
287 1659 342 1696 his
363 1671 410 1696 ne
425 1659 680 1696 attentionem
694 1656 846 1706 quidem
866 1670 957 1696 mov
961 1671 1040 1696 ere:
1070 1655 1185 1696 veluti
1205 1669 1288 1694 cam
1307 1668 1514 1705 corporum
1537 1666 1711 1694 naturam

103 1728 198 1766 quae
212 1715 434 1774 separationi
456 1711 593 1761 resistit,
621 1714 662 1750 in
685 1725 867 1773 aquarum
895 1712 1005 1751 bullis
1032 1724 1114 1750 rem
1143 1711 1228 1749 sane
1256 1711 1430 1749 subtilem
1451 1713 1488 1748 86
1511 1709 1617 1748 fere
1608 1723 1710 1759 mge-

102 1770 250 1809 niosam
272 1768 401 1816 videri,
428 1780 523 1820 quae
549 1768 658 1828 liujus
680 1767 734 1805 rei
755 1770 871 1817 gratia
905 1770 945 1805 in
966 1768 1155 1818 pelliculas
1184 1767 1360 1816 quasdam
1384 1768 1424 1802 in
1452 1764 1712 1817 hemilphaerii

105 1828 270 1864 formam
285 1821 421 1862 effletas
441 1823 478 1861 se
493 1822 711 1870 conjiciunt.
767 1824 966 1861 Eandem
958 1836 998 1861 m
1026 1825 1134 1872 ligno
1159 1824 1219 1860 vel
1239 1823 1360 1874 lapide
1380 1834 1461 1859 non
1480 1832 1712 1870 magnopere

106 1882 244 1928 notari,
274 1879 336 1917 sed
356 1878 463 1916 solidi
489 1879 739 1930 appellatione
766 1877 982 1916 transmitti.
1039 1880 1165 1930 Quare
1193 1876 1311 1916 visum
1341 1877 1389 1914 est
1417 1878 1463 1924 61,
1492 1876 1714 1913 horninibus

107 1948 192 1975 non
214 1945 294 1973 tam
328 1934 594 1984 ignorantiam,
623 1946 738 1985 quam
767 1933 1024 1972 infelicitatem
1044 1934 1232 1985 quandam
1260 1934 1449 1982 imputari,
1477 1944 1566 1968 cum
1594 1944 1615 1968 a
1633 1943 1715 1967 cur-

108 1991 356 2031 riculo&via
380 2002 445 2040 per
474 1989 730 2026 infortunium
753 1999 815 2027 aut
845 1990 1103 2028 blandimenta
1117 1988 1346 2035 deflexerint,
1375 1999 1456 2026 non
1478 1988 1520 2024 in
1547 1985 1716 2033 ejusdem

109 2046 231 2100 ipatiis
245 2043 370 2083 minus
386 2044 422 2082 16
438 2042 608 2082 strenuos
622 2043 874 2094 praestiterint.

166 2102 445 2140 COGITAVIT
467 2101 504 2136 &
523 2099 628 2146 illud,
656 2099 772 2137 finem
794 2100 998 2149 aliquando
1018 2096 1277 2149 desperationi,
1305 2108 1367 2135 aut
1384 2097 1513 2135 saltem
1527 2096 1716 2145 querimo-

110 2156 182 2195 niis
194 2155 493 2208 imponendum:
522 2167 562 2191 ac
581 2153 674 2192 illud
697 2157 823 2204 potius
842 2155 1060 2203 videndum,
1089 2167 1136 2191 an
1162 2156 1327 2191 omnino
1349 2153 1572 2199 cessandum,
1602 2154 1639 2188 &
1659 2152 1716 2197 iis,

112 2224 207 2262 quae
235 2212 426 2257 habemus,
455 2210 639 2247 utendum
667 2208 721 2257 fit,
750 2222 797 2247 an
824 2210 977 2260 aliquid,
1013 2221 1056 2248 ut
1081 2211 1214 2247 melius
1242 2221 1298 2245 165
1325 2208 1543 2260 procedant,
1570 2216 1717 2243 tentan-

115 2269 209 2305 dum
238 2269 275 2304 &
303 2264 552 2303 moliendum.
609 2264 670 2305 Ac
692 2264 856 2314 primum
884 2266 969 2303 finis
990 2264 1096 2315 ipsius
1112 2267 1148 2301 &
1172 2262 1350 2313 propositi
1376 2261 1555 2299 meritum
1574 2264 1610 2297 &
1640 2272 1719 2309 pre·

115 2325 214 2360 tium
242 2319 379 2359 intueri
406 2332 472 2373 par
495 2320 578 2369 6116,
605 2330 647 2357 ut
674 2319 714 2357 in
742 2320 895 2357 materia
922 2321 1014 2357 dura
1036 2322 1073 2356 &
1096 2331 1208 2370 opere
1235 2318 1352 2355 arduo
1380 2318 1499 2361 maior
1525 2315 1588 2352 fiat
1611 2315 1718 2352 indu-

117 2378 220 2420 striae
234 2373 410 2413 accenfio.
468 2352 651 2414 Veniebat
680 2385 806 2412 autem
829 2377 863 2412 61
884 2377 925 2412 111
942 2385 1111 2411 mentem
1138 2374 1299 2423 antiquis
1322 2372 1483 2417 iaeculis,
1511 2382 1638 2408 rerum
1665 2369 1719 2407 111-

118 2430 333 2472 ventoribus
363 2431 539 2478 (modum
553 2430 751 2468 excedente
767 2430 970 2467 hominum
986 2429 1116 2466 affeetu
1139 2430 1176 2464 86
1198 2425 1358 2478 impetu)
1394 2426 1540 2465 divinos
1555 2426 1721 2462 honores

120 2488 318 2525 attributos
343 2485 423 2522 6116.
477 2487 525 2522 115
548 2496 673 2523 autem
689 2484 752 2534 qui
778 2487 819 2522 in
844 2486 951 2522 rebus
984 2484 1153 2521 civilibus
1181 2483 1433 2528 merebantur,
1463 2482 1588 2529 quales
1616 2492 1723 2518 erant.

122 2543 273 2581 urbium
288 2538 582 2590 &imperiorum
604 2541 832 2587 conditores,
863 2539 1095 2589 legissatores,
1124 2539 1324 2590 patriarum
1344 2549 1365 2574 a
1387 2535 1538 2574 diutinis
1560 2536 1666 2572 malis
1681 2537 1723 2572 li-

123 2599 325 2644 beratorcs,
352 2595 597 2645 tyrannidum
611 2596 871 2642 debellatores,
900 2591 1168 2640 861115111111165,
1196 2592 1291 2630 intra
1306 2592 1468 2629 heroum
1485 2591 1647 2628 modum
1657 2591 1723 2628 110-

124 2665 234 2691 nores
252 2649 390 2689 stetiffe.
449 2652 533 2689 Nee
547 2649 743 2688 immerito
757 2650 853 2688 hanc
871 2647 1142 2687 distinCtioncm
1167 2647 1289 2700 priscis
1316 2647 1388 2684 illis
1416 2645 1645 2696 temporibus
1670 2647 1725 2682 in-

124 2706 285 2752 valuiffe,
314 2718 401 2743 cum
430 2706 585 2742 illorum
614 2705 789 2743 beneficia
818 2705 863 2742 ad
888 2703 1102 2742 universum
1125 2715 1242 2753 genus
1266 2702 1487 2748 humanum,
1518 2701 1656 2738 horum
1679 2701 1725 2737 ad

126 2772 242 2800 certas
267 2763 438 2810 regiones
463 2762 499 2797 &
522 2759 689 2797 definitas
720 2760 926 2797 hominum
955 2759 1054 2796 sedes
1072 2760 1321 2808 pertinerent.
1349 2759 1414 2794 illa
1432 2754 1620 2808 insuperis
1624 2768 1669 2791 116
1688 2757 1726 2793 vi

127 2828 191 2856 aut
217 2815 498 2868 perturbatione
526 2815 728 2852 humanam
758 2816 874 2852 vitam
891 2815 1069 2851 bearent
1055 2831 1070 2856 ,-
1099 2813 1293 2851 haecvero
1308 2824 1388 2849 non
1404 2811 1538 2860 absque
1561 2811 1728 2847 tumultu

133 2875 170 2910 86
189 2871 369 2910 violentia
395 2871 471 2907 tere
500 2868 711 2907 introducta
724 2868 805 2907 sint.
861 2869 980 2921 Quod
1002 2867 1027 2905 fi
1045 2867 1267 2920 particularis
1291 2866 1442 2913 alicuius
1465 2863 1606 2903 inventi
1635 2863 1727 2900 utili-

132 2926 252 2965 tasita
265 2926 441 2963 homines
456 2923 629 2971 affecerit,
658 2935 699 2962 ut
728 2936 829 2970 eum,
858 2923 922 2974 qui
941 2923 1155 2962 universum
1188 2934 1304 2973 genus
1321 2922 1531 2959 humanum
1560 2917 1673 2956 unico
1700 2931 1734 2955 a-

135 2984 243 3030 liquo
274 2979 456 3017 beneficio
488 2980 690 3031 compleffi
726 2979 855 3030 posset,
897 2979 1055 3016 homine
1093 2979 1277 3023 majorem
1314 2986 1496 3029 putarent.
1552 2973 1608 3010 At
1642 2974 1737 3010 mul-

137 3048 180 3075 to
221 3033 344 3072 celsius
385 3034 582 3073 inventum
619 3033 701 3081 effe,
744 3035 848 3083 quod
878 3033 947 3071 alia
983 3034 1114 3071 omnia
1151 3034 1303 3070 inventa
1333 3027 1570 3088 particularia
1606 3038 1738 3077 poten-

138 3093 191 3130 tia
227 3090 387 3138 quadam
429 3089 470 3126 in
508 3089 544 3127 se
585 3088 790 3136 contineat,
832 3102 874 3127 ac
907 3089 1073 3126 animam
1108 3087 1313 3126 humanam
1353 3082 1555 3123 carceribus
1595 3083 1740 3128 liberet,

141 3146 248 3200 cique
274 3146 348 3182 vias
366 3146 516 3194 aperiat,
557 3155 600 3184 ut
632 3145 679 3182 ad
702 3156 801 3184 noxa
836 3147 873 3183 86
901 3143 1077 3183 ulteriora
1108 3155 1277 3195 quaeque
1305 3142 1418 3178 duan
1442 3148 1548 3176 certo
1575 3140 1612 3175 &
1641 3138 1742 3173 16ἂο

1637 3203 1745 3241 pene-

1787 256 1888 309 277
