1973 3570
167 254 234 297 40

607 224 1026 275 HISTORIA
1076 218 1503 268 VENTORU
1530 218 1595 265 M.

358 340 398 380 4.
429 329 477 366 Sl
501 327 638 377 expirat
655 329 715 363 a'er
740 337 761 362 e
783 335 879 362 terra
901 321 1031 360 sensim
1046 321 1083 358 ὃ(
1105 318 1265 370 sparfim,
1294 331 1423 369 parum
1447 321 1649 369 percipitur
1664 317 1813 368 primm
1840 319 1901 358 sed

307 386 501 436 postquam
523 384 614 419 aeris
629 382 728 418 illius
750 380 1005 417 emanationes
1020 376 1161 413 multae
1183 376 1351 411 minutae
1366 375 1627 420 confluxerint,
1657 384 1739 411 tum
1761 373 1803 411 fit
1816 387 1903 413 ven-

308 453 388 480 tus;
425 448 465 475 ut
489 450 530 474 ex
552 435 835 485 scaturiginibus
861 443 1040 481 aquarum
1064 431 1181 468 rivus:
1210 431 1296 466 Hoc
1319 442 1409 467 vero
1433 431 1483 465 ita
1505 428 1586 465 fieri
1609 429 1775 469 videtur3
1810 442 1905 478 quo-

310 497 414 534 niam
437 502 612 529 notatum
634 491 682 527 cst
704 491 750 526 ab
765 490 938 536 antiquis,
967 495 1100 524 ventos
1125 485 1338 533 complures
1361 486 1512 529 inportu
1538 483 1616 529 suo,
1645 486 1683 520 ὅς
1705 485 1745 520 in
1768 485 1861 521 locis
1882 497 1905 522 a

311 550 445 599 quibus
472 547 658 592 oriuntur,
700 546 826 593 primo
858 543 991 593 spirare
1019 541 1182 589 exigu05‚
1225 539 1362 576 deinde
1391 540 1431 576 in
1465 538 1655 588 progressu
1683 538 1905 577 invalescere

311 602 460 656 prorsus
475 613 582 638 more
597 600 810 637 fluviorum.
1072 596 1075 599 ’
1105 650 1112 656 .
1241 650 1247 656 ·
1390 649 1396 655 ·
1662 649 1669 654 ·
1773 649 1781 655 ⁶

372 670 405 707 5.
436 658 588 694 leEN
601 666 687 692 IUN
698 665 793 691 TUR
810 652 990 700 quaedam
1006 652 1088 687 loca
1103 661 1143 685 in
1158 661 1265 695 mari,
1293 660 1334 685 ac
1350 658 1462 685 etiam
1478 649 1587 693 lacus,
1608 660 1672 695 qui
1690 647 1802 684 nullis
1817 648 1906 685 flan-

314 713 414 750 tibus
437 712 557 748 ventis
571 710 755 754 majorem
778 710 816 744 in
841 708 1000 743 modum
1024 703 1249 750 tumescunt,
1278 714 1318 740 ut
1341 703 1416 740 hoc
1430 715 1449 739 a
1464 701 1703 740 subterraneo
1716 702 1806 740 flatu
1825 702 1906 740 fieti

315 776 494 817 appareat.
1337 813 1343 819 η
1727 813 1734 819 α

373 823 408 857 6.
440 821 623 856 MAGNA
647 819 702 856 vis
728 818 929 865 requiritur
954 814 1097 864 spiritus
1121 812 1360 858 subterranei,
1397 821 1437 848 ut
1460 821 1559 848 terra
1581 822 1821 849 concutiatur
1844 823 1908 849 aut

314 875 517 912 scindatur:
540 875 670 918 levior,
700 882 739 908 ut
755 882 846 917 aqua
863 870 1083 905 sublevetur.
1139 868 1266 914 Itaque
1282 877 1464 903 tremores
1479 877 1598 903 terrae
1613 868 1705 907 rari3
1739 877 1909 904 tumores

316 933 353 966 ὃ(
369 928 635 966 sublevationes
650 936 829 973 aquarum
843 923 1127 971 frequentiores,

370 993 405 1031 7.
435 984 600 1018 ETIAM
622 981 759 1028 ubique
781 988 955 1015 notatum
971 976 1031 1023 est,
1060 974 1239 1013 nonnihil
1262 975 1386 1011 attolli
1411 977 1447 1012 ὅ(
1469 974 1673 1013 tumescere
1687 987 1798 1024 aquas
1821 985 1910 1013 ante

315 1036 553 1087 tempestates.

372 1091 407 1128 8.
439 1092 669 1127 sinamus
693 1088 948 1125 subterraneus
963 1086 1066 1122 exilis
1090 1086 1154 1133 qui
1172 1081 1316 1134 sparsim
1342 1080 1502 1132 efflatur,
1531 1097 1611 1122 non
1630 1086 1831 1135 percipitur
1854 1083 1908 1122 su-

316 1159 380 1198 per
395 1156 544 1191 terram,
573 1144 695 1180 donec
709 1144 842 1180 coierit
862 1144 902 1178 in
916 1150 1085 1186 ventum,
1114 1140 1165 1176 ob
1185 1136 1426 1189 porofitatem
1440 1149 1580 1180 terrac3
1610 1140 1671 1177 sed
1691 1142 1815 1177 exiens
1829 1140 1910 1177 sub—

317 1213 374 1239 ter
390 1211 509 1248 aqrm,
539 1199 589 1235 ob
605 1199 894 1235 continuitatem
909 1208 1035 1244 aquae,
1063 1195 1183 1231 statim
1198 1194 1399 1243 percipitur
1414 1206 1455 1230 ex
1472 1205 1621 1232 tumore
1636 1195 1838 1232 nunnullo.

373 1266 411 1302 9.
442 1254 680 1290 AssECLAs
709 1252 776 1289 effe
804 1261 937 1289 ventos
965 1261 1148 1286 terrarum
1177 1248 1460 1285 cavernolarum
1488 1259 1596 1285 antea
1627 1249 1831 1299 posuimus,
1867 1260 1910 1287 ut

319 1309 465 1359 prorsus
481 1308 674 1345 videantur
689 1308 790 1345 venti
807 1307 862 1343 illi
876 1306 1011 1343 habere
1027 1305 1191 1353 origines
1208 1303 1284 1339 suas
1299 1303 1436 1340 locales
1452 1316 1472 1341 e
1484 1314 1593 1340 terra.

380 1374 436 1399 10.
466 1364 517 1400 IN
547 1362 740 1399 montibus
768 1362 913 1410 magnis
941 1363 978 1397 δ(
1007 1359 1117 1396 saxeis
1153 1358 1397 1396 inveniuntur
1424 1360 1527 1395 venti
1557 1360 1594 1395 &
1627 1359 1735 1395 citius
1763 1358 1909 1408 spirare,

321 1419 537 1466 (antequam
553 1416 689 1454 scilicet
704 1417 950 1466 percipi-antur
965 1417 1004 1452 in
1018 1413 1200 1461 vallibus)
1233 1414 1269 1449 ὃ(
1283 1411 1515 1461 frequentius
1532 1413 1631 1459 (cum
1648 1412 1786 1450 scilicet
1801 1415 1913 1452 valles

322 1472 390 1511 sint
406 1474 446 1509 in
461 1473 666 1520 tranquillo
678 1473 700 1519 ς)
731 1470 786 1508 At
802 1483 936 1508 omnes
951 1480 1101 1506 montes
1117 1471 1153 1505 ὃ(
1168 1479 1275 1517 rupes
1290 1466 1477 1505 cavernosi
1494 1468 1588 1505 sunt.

379 1539 439 1564 11.
471 1529 517 1564 IN
540 1527 724 1564 comitatu
746 1525 924 1574 Denbigh
948 1527 987 1562 in
1002 1524 1203 1569 Britannia,
1234 1522 1409 1559 montosa
1433 1524 1588 1572 regione
1603 1525 1640 1560 ὅ(
1664 1522 1839 1574 lapidosa,
1868 1536 1913 1562 ex

320 1584 484 1619 cavernis
499 1581 719 1630 quibusdam
728 1591 805 1617 tam
818 1580 1056 1618 vehementes
1071 1578 1134 1624 (ait
1151 1577 1354 1626 Gilbertus)
1374 1577 1457 1614 sunt
1468 1588 1669 1616 ventorum
1684 1579 1912 1629 eruptiones,

321 1646 361 1672 ut
384 1637 516 1677 iniecta
530 1636 744 1673 vestimenta
768 1636 969 1685 pannique,
998 1633 1118 1671 rursus
1142 1644 1277 1681 magna
1292 1633 1329 1670 vi
1353 1629 1529 1670 efflentur
1550 1635 1586 1670 ὅ(
1603 1633 1712 1670 altius
1733 1634 1772 1670 in
1788 1635 1913 1674 a‘e'rcm

319 1689 531 1728 efferantur.

378 1756 437 1781 12.
468 1747 514 1781 IN
541 1744 645 1781 Aber
662 1745 771 1792 Barry
796 1744 894 1789 juxta
918 1743 1110 1780 Sabrinam
1128 1744 1167 1779 in
1176 1741 1331 1788 Wallia,
1359 1743 1399 1778 in
1415 1742 1580 1790 quodam
1596 1743 1696 1780 clivo
1718 1742 1849 1780 saxoso
1871 1745 1914 1780 in

321 1811 399 1846 quo
422 1799 505 1836 funt
520 1799 717 1844 foramina,
746 1797 770 1834 fi
795 1800 876 1847 quis
891 1810 1019 1835 aurem
1041 1797 1264 1848 apposuerit,
1294 1795 1437 1834 sonitus
1460 1799 1582 1836 varios
1597 1800 1632 1835 ὅ(
1655 1810 1827 1836 murmur
1850 1798 1918 1835 fia·-

320 1864 428 1891 tuum
444 1853 508 1891 sub
524 1863 619 1890 terra
634 1853 812 1891 exaudiet.

861 1943 1156 1984 Phaenomenon
1168 1942 1370 1998 obliquum.

375 2019 606 2055 NOTAVIT
630 2018 776 2065 Aeosta,
806 2019 942 2068 oppida
961 2019 1084 2055 Platae
1105 2020 1142 2055 &
1164 2017 1323 2055 Potosae
1343 2020 1383 2055 in
1406 2020 1572 2065 Peruvia,
1601 2030 1682 2056 non
1704 2019 1820 2068 longe
1843 2019 1914 2057 effe

321 2072 498 2118 distantia,
528 2075 563 2109 ἅ
578 2083 778 2121 utrumque
794 2071 903 2110 situm
917 2073 984 2109 effe
1001 2074 1039 2109 in
1055 2083 1152 2109 terra
1169 2074 1308 2110 clevata
1323 2083 1384 2110 aut
1400 2075 1593 2120 montana*²
1624 2084 1665 2111 ut
1687 2075 1727 2110 in
1742 2073 1816 2110 hoc
1831 2086 1912 2111 non

322 2125 517 2167 differant3
556 2129 592 2163 ὅ(
615 2127 862 2164 nihilominus
885 2128 1019 2164 habere
1041 2127 1221 2164 Potosam
1249 2138 1537 2178 temperaturam
1562 2130 1654 2165 aeris
1677 2128 1853 2176 frigidam
1874 2131 1914 2167 δε

321 2181 546 2228 hyemalem,
582 2183 724 2219 Platam
746 2183 973 2219 clementem
997 2184 1034 2220 ὅ(
1058 2194 1232 2223 vernam3
1266 2182 1305 2219 id
1332 2184 1435 2231 quod
1456 2183 1601 2221 videtur
1626 2182 1914 2231 argentifodinis

323 2236 419 2281 juxta
435 2235 610 2272 Potosam
625 2236 775 2273 attribui
791 2238 909 2286 poss'e3
939 2237 1041 2285 quod
1057 2237 1283 2274 demonstrat
1299 2239 1368 2275 esse
1382 2238 1559 2288 spiracula
1573 2248 1703 2284 terrae,
1733 2248 1915 2285 quatenus

323 2290 368 2326 ad
383 2290 543 2326 calidum
559 2292 594 2328 ὅς
610 2290 799 2339 frigidum.
1771 2340 1774 2342 v

381 2353 440 2392 13.
474 2346 519 2379 51
535 2354 632 2380 terra
647 2343 687 2381 sit
701 2346 865 2394 primum
880 2346 1072 2395 frigidum,
1093 2356 1134 2383 ut
1149 2348 1269 2385 voluit
1285 2347 1534 2392 Parmenides,
1556 2346 1650 2393 (non
1667 2343 1914 2385 contemnen-

325 2397 370 2433 da
385 2397 467 2434 usus
482 2396 672 2444 sententia,
701 2411 787 2435 cum
802 2401 916 2450 frigus
931 2403 968 2437 ὃς
983 2398 1137 2437 densitas
1152 2403 1255 2439 arelo
1270 2403 1492 2451 copulentur
1507 2403 1673 2450 vinculo)
1690 2414 1772 2450 non
1787 2404 1914 2440 minus

323 2452 514 2500 probabile
537 2452 596 2498 est,
626 2453 708 2497 ejici
732 2452 865 2492 halitus
878 2455 1072 2492 calidiores
1092 2467 1112 2491 a
1126 2455 1268 2505 frigore
1290 2457 1444 2493 centrali
1467 2466 1597 2504 terrae,
1627 2469 1739 2506 quam
1762 2457 1872 2504 dejici
1891 2469 1913 2494 a

327 2505 464 2553 frigore
480 2508 571 2542 aeris
587 2505 823 2544 sublimioris.

383 2570 441 2608 14.
474 2562 603 2597 SUNT
627 2561 778 2609 quidam
802 2564 902 2611 putei
925 2565 965 2601 in
988 2565 1176 2602 Dalmatia
1200 2567 1237 2602 δε
1265 2566 1420 2614 regione
1446 2565 1665 2613 Cyrenaica,
1694 2576 1735 2603 ut
1758 2566 1911 2614 quidam

325 2626 369 2649 ex
392 2616 551 2661 antiquis
574 2627 800 2663 memorant,
830 2619 869 2653 in
893 2619 1036 2666 quibus,
1073 2616 1099 2655 fi
1121 2618 1314 2665 dejiciatur
1338 2621 1439 2670 lapis,
1468 2622 1673 2672 excitantur
1696 2623 1809 2671 paulo
1829 2619 1913 2670 post

325 2669 565 2718 tempestates,
594 2682 634 2706 ac
657 2668 681 2705 sl
697 2672 786 2719 lapis
807 2671 1051 2722 perfringeret
1075 2675 1296 2723 operculum
1315 2675 1467 2723 aliquod
1489 2677 1529 2712 in
1552 2677 1641 2713 loco
1656 2676 1720 2723 ubi
1743 2677 1797 2716 vis
1824 2687 1911 2721 ven-

325 2734 452 2760 torum
468 2733 544 2759 crat
559 2735 792 2762 incarcerata.

862 2816 1155 2860 Phaenomenon
1169 2819 1369 2874 obliquum.

378 2877 402 2912 F
411 2888 465 2912 LA
480 2887 614 2913 MMAS
641 2890 821 2917 evomunt
837 2880 984 2928 AEtna‚
1023 2885 1059 2920 ὅ(
1087 2886 1297 2935 complures
1321 2896 1491 2927 montes;
1527 2885 1696 2925 similiter
1721 2888 1759 2924 ὅ(
1786 2889 1910 2925 aerem

322 2940 515 2979 erumpere
528 2932 626 2981 poss'e
641 2933 932 2974 consentancum
947 2937 1006 2985 est,
1034 2939 1247 2987 praesertim
1261 2942 1384 2983 calore
1400 2943 1439 2978 in
1455 2942 1699 2981 subterraneis
1713 2942 1909 2981 dilatatum

324 2985 360 3021 δ(
376 2986 414 3021 in
431 2996 536 3023 motu
552 2984 722 3036 politum.
1359 3007 1373 3032 1

1784 3108 1909 3155 15.1N
