1973 3570
329 205 443 254 DE
493 206 1030 258 SAPIENTIA
1084 197 1544 265 VETERUM.

125 317 244 353 tatem
259 306 408 355 scilicet,
437 317 500 346 aut
519 307 564 344 ad
593 306 773 346 invidiam
792 307 907 360 usque
928 308 1087 356 duravit,
1116 321 1210 361 quae
1239 312 1465 350 moestitiam
1494 314 1533 353 in
1557 317 1665 357 obitu
1688 319 1740 357 lc-

124 366 221 411 nire‚
247 373 312 401 aut
330 361 626 400 misericordiam
645 374 852 414 temperare
865 360 1005 413 possit5
1035 363 1242 416 quinetiam
1266 368 1556 408 lamentationes
1579 375 1614 410 &
1630 376 1731 424 plan-

125 420 203 457 stus
228 429 312 456 non
337 416 464 455 solum
487 428 668 469 tanquam
700 431 781 457 aves
809 417 894 456 illae
920 419 1097 456 funebres
1127 421 1225 457 circa
1254 433 1367 472 rogos
1394 435 1529 461 eorum
1558 428 1728 477 volitant,

122 473 186 513 sed
214 475 253 511 ὅ(
276 473 384 511 durat
412 472 629 519 hujusmodi
656 470 844 512 miseratio
862 475 899 511 ὅ(
920 473 1159 523 producitur:
1190 477 1352 514 maxime
1381 489 1505 516 autem
1533 492 1598 531 per
1625 495 1727 521 occa-

121 527 241 567 fiones
263 530 302 566 δε
329 539 452 566 novos
471 538 600 565 motus
621 530 780 566 &initia
794 540 1016 578 magnarum
1031 541 1169 578 rerum,
1198 530 1313 568 veluti
1326 544 1392 582 per
1413 533 1502 571 solis
1517 535 1638 575 radios
1652 546 1728 575 ma-

121 582 280 632 tutinos,
308 581 483 621 desideria
497 594 634 620 eorum
647 594 889 624 renovantur.

552 707 626 753 15,
663 691 1008 749 TYTHONUS,
1029 693 1131 756 stve
1150 694 1313 743 Satias.

172 803 401 840 ELEGANS
423 801 548 840 fabula
563 812 731 840 narratur
746 803 793 840 dc
807 799 993 853 Tythono,
1021 816 1110 841 eum
1135 806 1181 842 ab
1197 803 1354 844 Aurora
1368 807 1583 845 adamatum
1610 808 1725 854 fuiss'c,

120 870 215 907 quae
241 868 456 911 perpetuam
485 859 563 902 ejus
592 857 906 895 consuetudinem
925 869 1117 910 exoptans,
1146 872 1166 896 a
1186 858 1300 910 Jove
1318 864 1438 912 petiit,
1470 873 1510 901 ut
1528 854 1726 906 Trthonm'-

117 924 314 963 nunquam
334 913 435 949 mori
458 912 594 962 poss'et:
625 925 753 952 verum
764 912 905 951 incuria
933 912 1107 952 muliebri
1136 916 1254 953 oblita
1279 915 1327 952 est
1349 917 1523 966 petitioni
1541 909 1669 957 suae&
1685 923 1725 958 il-

115 968 184 1008 lud
209 966 384 1015 inserere,
414 978 456 1005 ut
482 980 552 1004 nec
572 967 757 1006 senectutc
784 979 1010 1018 gravaretur.
1065 971 1191 1021 Itaque
1219 971 1408 1009 moriendi
1439 973 1611 1011 conditio
1632 974 1665 1011 ci
1685 988 1726 1013 c-

116 1032 219 1073 repta
238 1022 299 1070 est,
328 1022 471 1062 senium
486 1032 613 1061 autem
642 1022 808 1060 secutum
834 1021 1046 1061 estmirum
1071 1026 1110 1062 ὃς
1138 1024 1403 1073 miserandum,
1433 1030 1542 1077 quale
1569 1030 1725 1067 consen-

116 1088 272 1116 tancum
287 1077 335 1114 est
358 1076 505 1115 evenire
534 1077 576 1124 ei,
608 1079 669 1116 cui
695 1090 799 1115 mors
818 1089 986 1127 negatur,
1016 1089 1112 1116 aetas
1126 1091 1308 1131 perpetuo
1324 1082 1553 1132 ingravescit.
1609 1084 1725 1123 Adeo

115 1142 158 1171 ut
171 1130 338 1184 Jupiter
350 1132 568 1178 hujusmodi
580 1132 722 1170 sortem
736 1132 940 1180 miseratus,
971 1135 1126 1170 tandem
1140 1135 1281 1172 eumin
1295 1134 1460 1173 cicadam
1478 1142 1722 1178 converterit.

106 1189 217 1230 ,Haec
244 1187 368 1225 fabula
380 1186 575 1237 ingeniosa
593 1188 833 1225 adumbratio
853 1190 888 1225 ὃ(
904 1187 1102 1240 descriptio
1119 1190 1322 1239 voluptatis
1343 1192 1411 1228 effe
1425 1193 1572 1230 videtur
1582 1213 1596 1237 ,-
1631 1207 1726 1246 quae

114 1255 137 1281 a
157 1239 344 1294 principio
367 1243 468 1279 velut
495 1242 563 1280 sub
591 1253 739 1294 tempus
757 1241 947 1290 Aurorae,
978 1244 1071 1280 adeo
1093 1255 1196 1293 grata
1211 1243 1270 1291 est,
1301 1255 1342 1283 ut
1364 1247 1539 1284 homines
1559 1260 1646 1287 vota
1671 1250 1721 1286 fa-

77 1294 80 1295 ’
112 1296 226 1344 ciant,
254 1308 290 1334 at
303 1296 435 1346 gaudia
455 1296 671 1343 hujusmodi
694 1295 759 1334 fibi
786 1309 963 1349 perpetua
992 1301 1028 1335 δε
1051 1297 1297 1348 p1·opriafint‚
1328 1299 1436 1338 obliti
1451 1301 1655 1341 satietatem
1684 1307 1724 1342 &

111 1353 279 1391 taedium
291 1364 425 1389 eorum
439 1352 548 1389 instar
576 1351 679 1401 senii,
707 1350 788 1404 ipsis
808 1365 890 1390 non
912 1353 1167 1403 cogitantibus
1195 1355 1415 1392 obventura.
1471 1357 1586 1395 Adeo
1610 1369 1652 1396 ut
1677 1349 1723 1396 ad

112 1418 325 1445 extremum
354 1419 442 1444 cum
464 1406 628 1444 actiones
650 1409 881 1457 voluptariae
909 1407 1082 1445 homines
1111 1407 1292 1456 deserant,
1320 1409 1458 1461 cupido
1482 1424 1573 1449 vcro
1608 1415 1645 1450 ὃς
1672 1414 1723 1450 af-

111 1464 228 1501 fectus
247 1474 330 1499 non
342 1461 567 1510 moriantur,
595 1462 676 1500 fieri
692 1462 822 1510 soleat,
850 1473 892 1500 ut
903 1463 1078 1500 homines
1092 1463 1328 1502 sermonibus
1339 1475 1487 1502 tantum
1504 1469 1540 1504 ὅ(
1555 1479 1722 1506 comme-

110 1516 390 1556 morationibus
416 1529 544 1555 eatum
570 1529 710 1566 rerum,
746 1530 840 1566 quae
869 1519 921 1555 eis
947 1519 1092 1567 integra
1124 1527 1241 1556 aetate
1276 1521 1461 1573 voluptati
1490 1521 1657 1570 fuerunt,
1685 1522 1723 1561 se

113 1574 317 1611 oblectent.
371 1573 489 1625 Qod
517 1574 558 1611 in
582 1571 785 1610 libidinosis
807 1575 844 1610 &
877 1573 962 1610 viris
989 1572 1208 1610 militaribus
1234 1573 1313 1611 fieri
1337 1575 1519 1622 videmus,
1548 1588 1637 1613 cum
1665 1576 1720 1616 illi

111 1627 323 1678 impudicos
355 1627 559 1674 sermones,
588 1627 627 1665 hi
649 1627 815 1666 facinora
840 1628 903 1666 sua
928 1628 1143 1676 retractent,
1172 1627 1382 1665 cicadarum
1409 1641 1530 1678 more,
1559 1643 1718 1683 quarum

113 1682 220 1734 vigor
234 1693 384 1721 tantum
401 1682 441 1720 in
456 1695 551 1720 voce
566 1681 627 1721 est.

437 1795 513 1839 16.
552 1792 763 1840 PRocth
787 1792 1045 1858 JUNoNrs,
1070 1793 1169 1857 five
1192 1791 1408 1840 Dedecus.

165 1907 423 1945 NARRANT
440 1908 574 1958 poetae
584 1904 746 1957 Jovem,
763 1914 804 1944 ut
813 1905 1003 1945 amoribus
1017 1905 1086 1944 suis
1095 1905 1291 1957 potiretur,
1319 1907 1456 1944 multas
1471 1909 1509 1944 ὅ(
1522 1907 1632 1946 varias
1641 1909 1716 1946 for-

112 1974 192 2000 mas
206 1959 398 2010 sumpstss'e,
426 1961 533 2009 tauri,
560 1961 717 2010 aquilae,
743 1961 868 2011 cygni,
896 1961 1024 1999 imbris
1045 1961 1165 2003 aurei;
1194 1974 1282 1998 cum
1305 1961 1432 1999 autem
1446 1960 1643 2012 Junonem
1661 1965 1718 2002 so-

113 2015 282 2063 licitaret,
310 2015 452 2054 vertisse
467 2017 505 2054 se
522 2019 563 2055 in
581 2018 746 2054 formam
772 2016 935 2055 maxime
957 2016 1177 2067 ignobilem,
1205 2022 1317 2066 atque
1340 2016 1576 2066 contemptui
1608 2021 1645 2056 &
1663 2020 1719 2056 lun

110 2070 237 2110 dibrio
250 2069 463 2120 expolitam.
516 2074 571 2110 Ea
600 2070 673 2110 fuit
692 2071 816 2109 miseri
844 2072 977 2120 cuculi,
1005 2071 1125 2109 imbre
1150 2075 1185 2109 δε
1214 2072 1428 2121 tempestate
1456 2072 1651 2110 madefacti
1679 2077 1716 2111 δε

109 2128 279 2173 attoniti,
305 2126 543 2165 tremebundi
566 2129 603 2165 ὅς
624 2127 872 2165 semimortui.
927 2127 1093 2165 Prudens
1111 2127 1236 2165 fabula
1263 2128 1312 2164 cst
1336 2129 1372 2163 δε
1396 2139 1439 2164 ex
1467 2126 1606 2164 intimis
1633 2140 1716 2166 mo-

111 2183 212 2221 ribus
225 2180 428 2232 desumpta.
486 2182 620 2221 Sensus
633 2195 723 2221 vero
737 2182 832 2229 talis,
861 2195 910 2221 ne
925 2183 1100 2220 homines
1129 2182 1290 2219 nimium
1312 2180 1376 2218 fibi
1396 2183 1576 2233 placeant,
1606 2182 1717 2220 existi—⁷

110 2248 257 2275 mantes
283 2236 430 2274 virtutis
453 2236 536 2275 suae
558 2237 759 2288 specimen,
788 2250 853 2275 cos
875 2240 971 2289 apud
994 2247 1127 2274 omnes
1148 2240 1187 2274 in
1209 2238 1332 2288 pretio
1367 2239 1403 2273 ὅς
1432 2236 1545 2285 gratia
1573 2249 1716 2288 ponere

110 2292 224 2345 poss'e.
276 2291 321 2328 Id
335 2292 438 2328 enim
463 2293 656 2331 succedere
683 2305 754 2342 pro
768 2303 900 2329 natura
926 2295 962 2329 ὅ(
991 2293 1160 2329 moribus
1183 2303 1330 2337 eorum,
1359 2303 1454 2341 quos
1482 2291 1653 2329 ambiunt
1677 2295 1715 2330 &

109 2350 257 2394 colunt,
285 2345 350 2394 qui
377 2345 403 2383 sl
421 2348 595 2386 homines
623 2349 720 2395 sunt,
749 2347 859 2385 nullis
886 2345 951 2397 ipfi
964 2346 1166 2383 dotibus&
1189 2347 1420 2383 ornamentis
1436 2344 1622 2394 iniigiiiti3
1651 2346 1713 2384 scd

109 2414 262 2442 tantum
273 2400 427 2450 ingenio
452 2403 537 2440 sunt
552 2403 711 2456 superbo
727 2404 764 2439 δε
783 2401 953 2452 maligno
977 2401 1026 2449 (id
1041 2402 1145 2449 quod
1170 2401 1234 2438 sub
1256 2401 1374 2449 figura
1386 2399 1561 2451 menis
1575 2413 1715 2454 reprae-

108 2458 276 2496 sentatur
288 2457 312 2504 :)
335 2467 416 2494 tum
427 2470 516 2495 vero
531 2458 660 2496 norint
679 2456 745 2496 fibi
758 2458 966 2495 exeundam
975 2455 1120 2506 prorsus
1136 2455 1206 2493 effi:
1220 2467 1379 2492 ornnem
1393 2455 1604 2507 personam,
1617 2468 1712 2505 quae

110 2515 172 2551 vei
189 2511 394 2550 minimum
413 2524 499 2563 prae
520 2514 555 2551 se
577 2514 669 2552 ferat
696 2514 840 2551 decoris
872 2515 910 2550 δε
928 2510 1135 2561 dignitatis:
1167 2520 1276 2562 atquc
1294 2509 1462 2560 decipere
1491 2510 1527 2547 fe
1541 2513 1662 2560 plane,
1691 2511 1717 2548 f.

108 2568 250 2606 aliavia
264 2563 444 2608 insistants
474 2581 596 2620 neque
616 2567 698 2607 satis
712 2568 782 2605 effe
796 2566 824 2604 fi
847 2566 1014 2618 obsequii
1032 2566 1314 2603 deformitatem
1328 2565 1522 2615 praestant,
1550 2564 1619 2602 nisi
1634 2575 1716 2604 om-

108 2623 206 2661 nino
218 2622 255 2661 se
265 2616 308 2659 in
320 2621 521 2671 personam
536 2625 719 2670 abjectam
733 2625 772 2660 ὅ(
785 2623 1013 2672 degenerem
1022 2631 1189 2660 .mutent.·

575 2750 595 2778 1
607 2751 650 2796 7.
687 2734 729 2779 C
739 2747 765 2780 o
776 2750 797 2778 P
807 2749 822 2778 1
832 2749 860 2778 D
869 2749 912 2789 o,
936 2731 1035 2795 five
1058 2729 1263 2778 Aiomm.

163 2848 305 2899 QUAE
323 2846 371 2884 de
386 2841 574 2898 Cupidine
586 2843 658 2882 five
683 2850 812 2883 amore
834 2844 930 2882 dicta
953 2843 1038 2881 funt
1065 2857 1085 2881 a
1103 2842 1241 2896 po‘e'tis3‘
1269 2843 1309 2880 in
1336 2842 1494 2880 eandem
1512 2839 1713 2895 personam

110 2903 263 2953 proprie
270 2901 472 2938 convenire
486 2914 567 2939 non
577 2900 725 2950 poss‘unt
735 2915 747 2937 .-
772 2899 823 2938 ita
837 2911 965 2938 tamen
979 2899 1194 2951 discrepant,
1224 2910 1265 2936 ut
1283 2896 1456 2935 co'nfufio
1469 2896 1713 2951 pet-lbim'rum

111 2955 303 3005 rejiciatur,
330 2955 537 2994 similitudo
564 2957 775 3008 recipiatur.
830 2954 998 2993 Narrant
1025 2953 1148 3005 itaque
1162 2960 1332 2991 amorem
1347 2950 1521 2989 o‘mnium
1537 2951 1715 2988 Deorum

111 3011 219 3048 fuisse
247 3008 559 3064 antiquissimum,
587 3021 698 3062 atque
728 3010 822 3047 adeo
847 3008 1027 3047 omnium
1050 3020 1189 3056 rerum,
1218 3008 1374 3057 excepto
1397 3004 1514 3051 Chao,
1542 3005 1646 3054 quod
1681 3003 1718 3041 et

111 3077 295 3103 coaevum
307 3065 539 3119 perhibetur3
568 3063 697 3104 Chaos
725 3075 852 3102 autem
872 3077 892 3102 a
918 3063 1042 3114 priscis
1070 3060 1154 3101 viris
1178 3073 1374 3115 nunquam
1402 3060 1534 3096 divino
1552 3060 1716 3108 honore,

111 3131 177 3159 aut
194 3132 356 3160 nomme
367 3119 661 3172 Deiinfignitur.
713 3120 844 3173 Atque
864 3131 970 3159 amor
997 3120 1064 3157 ille
1089 3118 1234 3170 prorsus
1247 3117 1323 3163 fine
1336 3110 1494 3167 parente
1507 3115 1715 3203 intr-oduei·-

1622 3176 1664 3205 ω
1700 3177 1715 3207 3

1816 220 1914 289 365
