1973 3570
168 216 226 261 34

587 182 1010 236 HISTORIA
1070 181 1572 229 5VENTORHM.

351 301 386 330 1.
415 290 612 328 AUSTER
638 292 675 326 &
702 289 831 326 boreas
850 285 997 322 ass'eclae
1019 283 1153 321 mundi
1182 283 1288 321 sunt:
1325 282 1569 330 Frequentius
1595 282 1698 317 enim
1718 292 1782 330 per
1804 285 1886 321 uni-

293 346 441 385 versum
457 344 590 394 spirant
607 345 675 389 illi,
704 353 790 379 eum
807 340 877 377 suis
891 339 1124 382 senionibus,
1153 349 1267 386 quam
1283 350 1389 374 curus
1405 339 1441 372 &
1453 336 1635 383 zephyrus
1651 347 1736 372 cum
1752 337 1835 374 suis.

354 412 387 438 2.
421 401 457 436 O
467 410 536 435 MN
547 410 591 434 Es
605 399 706 434 renti
723 397 829 433 liberi
847 395 940 440 (non
955 394 1046 441 stati)
1059 394 1175 441 magis
1190 391 1336 429 asseclae
1350 392 1495 440 hyemis
1510 389 1593 427 sunt
1610 401 1723 437 quam
1737 391 1888 440 aestatis,

300 457 463 493 maxime
478 464 602 490 aurem
617 452 786 489 autumni
803 452 838 486 ὃ(
853 450 958 486 veris.

355 520 389 552 ς.
421 510 457 544 O
467 518 536 543 MN
548 518 591 543 Es
606 507 705 542 venti
724 505 829 542 liberi
845 505 968 552 potius
984 501 1129 538 asseclae
1145 500 1228 538 sunt
1243 502 1444 549 regionum
1459 509 1560 536 extra
1575 501 1753 548 tropicos,
1781 511 1890 548 atque

299 554 411 600 etiam
427 563 584 598 circulos
598 561 752 609 polares,
782 569 893 606 quam
909 559 1005 594 intra
1020 570 1029 595 ς
1061 558 1099 591 in
1116 557 1332 604 regionibus
1347 556 1451 591 enim
1464 554 1616 591 torridis
1634 556 1670 590 ὃ(
1683 556 1891 603 conglacta-

299 621 349 654 ‘ris
364 620 581 667 plerumque
596 617 735 664 parcius
751 613 899 662 spirant,
930 613 968 647 in
985 611 1117 646 mediis
1134 610 1374 658 frequentius.

352 683 390 720 4.
421 673 447 707 13
459 682 541 707 TIA
552 681 583 705 M
599 680 730 706 omnes
752 668 853 704 venti
878 667 996 710 liberi,
1027 663 1240 715 praesertim
1264 664 1441 701 fortiores
1457 676 1498 700 ex
1522 660 1613 713 ipsis,
1643 661 1734 699 flant
1749 662 1890 713 saepius

303 730 339 764 ὃς
355 723 529 762 intensius
544 736 653 760 mane
668 726 703 759 δε
718 721 855 770 vesperi
871 733 983 768 quam
997 719 1153 756 meridie
1169 722 1206 756 ὃ(
1220 720 1346 755 noCtu.

359 791 392 827 ς.
423 781 454 815 V
468 789 582 814 ENTI
608 778 715 813 liberi
732 779 771 813 in
795 775 1008 824 regionibus
1028 771 1192 810 fistulofis
1216 776 1253 810 ὃς
1276 771 1480 811 cavernosis
1503 771 1735 821 frequentius
1754 772 1892 822 spirant

302 846 414 884 quam
430 836 468 869 iu
482 834 597 870 firmis
613 835 648 868 δε
663 831 799 867 solidis.

355 885 599 925 Mandatm.
624 886 657 921 C
668 895 860 921 EssAVIT
876 883 953 920 fere
969 882 1130 919 humana
1144 881 1340 931 diligentia
1355 882 1394 917 in
1411 880 1672 918 observatione
1687 892 1892 921 ventorum

301 941 510 978 ass'eclarum
533 943 571 976 in
587 939 802 987 regionibus
825 937 1116 988 particularibus,
1146 936 1249 984 quod
1272 946 1399 972 tamen
1414 935 1494 972 fieri
1510 936 1638 973 debuit
1664 938 1700 972 ὅ(
1715 937 1758 972 ad
1776 939 1895 975 multa

303 997 402 1032 utilis
424 995 533 1031 foret.
591 994 756 1029 Memini
781 1004 841 1028 me
862 1004 882 1028 a
904 1001 1111 1028 mercatore
1135 991 1312 1039 quodam,
1341 990 1516 1039 prudenti
1540 992 1636 1037 vim,
1665 992 1729 1038 qui
1752 992 1798 1028 ad
1823 1002 1895 1028 ter-

301 1062 380 1086 ram
402 1048 615 1098 piscationis
629 1049 822 1084 coloniam
845 1046 1009 1092 duxerat,
1038 1046 1164 1093 ibique
1187 1046 1391 1094 hyemarat‚
1419 1044 1564 1081 causam
1595 1043 1802 1092 quaefiviffe
1827 1058 1894 1085 cut

303 1106 408 1147 regio
432 1105 493 1140 illa
515 1114 591 1139 tam
615 1101 780 1151 impense
802 1101 934 1149 frigida
955 1101 1163 1146 haberetur,
1192 1112 1278 1137 cum
1301 1101 1412 1136 clima
1444 1099 1528 1136 satis
1557 1100 1765 1148 benignum
1791 1101 1893 1139 effet-

301 1146 522 1208 Respond'm
564 1169 643 1193 rem
671 1155 739 1193 ess'e
767 1155 865 1192 fama
893 1157 1084 1203 aliquanto
1113 1156 1316 1195 minorem,
1354 1153 1498 1191 causam
1528 1165 1654 1191 autem
1678 1155 1895 1203 duplicem3

302 1224 428 1258 unam,
457 1212 559 1260 quod
583 1211 702 1247 moles
725 1211 892 1260 glaciales
916 1222 934 1246 a
955 1211 1121 1246 currenti
1146 1211 1256 1246 maris
1278 1209 1440 1258 Scythici
1468 1210 1565 1250 iuxta
1586 1221 1629 1245 ea
1654 1210 1766 1245 litora
1788 1210 1894 1248 deve-

302 1266 489 1304 herentur.
545 1266 718 1302 Alteram
744 1265 870 1313 (quam
892 1266 1007 1313 longe
1026 1265 1217 1313 potiorem
1240 1263 1359 1313 duxit)
1382 1263 1483 1312 quod
1508 1265 1621 1312 longe
1645 1264 1810 1313 pluribus
1831 1277 1895 1301 an⁴

303 1323 345 1358 ni
367 1322 529 1370 partibus
552 1320 702 1370 spiraret
725 1319 821 1369 apud
845 1331 908 1355 eos
931 1319 1112 1368 zephyrus
1128 1330 1241 1366 quam
1264 1330 1392 1355 eurus:
1422 1319 1526 1366 quod
1550 1319 1663 1355 etiam
1687 1318 1775 1355 facit
1799 1320 1897 1370 apud

303 1388 374 1412 nos
399 1374 573 1425 <inquit;)
611 1374 671 1411 sed
694 1375 787 1423 apud
809 1375 894 1410 illos
917 1385 935 1410 a
955 1375 1180 1419 continenti,
1211 1375 1247 1410 &
1272 1373 1435 1422 gelidum
1466 1373 1560 1421 apud
1584 1385 1654 1409 nos
1675 1384 1696 1408 a
1715 1375 1822 1420 mari,
1858 1377 1897 1412 δε

303 1431 459 1479 tepidus.
514 1429 629 1481 Quod
654 1427 679 1465 fi
705 1429 872 1475 (addidit)
897 1438 974 1464 tam
996 1427 1211 1476 frequenter
1240 1429 1276 1464 ὃ(
1299 1427 1363 1464 diu
1388 1426 1538 1476 spiraret
1562 1429 1601 1463 in
1621 1427 1763 1476 Anglia
1786 1441 1898 1466 curus

302 1497 414 1532 quam
437 1485 531 1534 apud
548 1496 610 1521 eos
632 1484 825 1533 zephyrus,
853 1484 967 1532 longe
989 1482 1115 1520 forent
1131 1480 1332 1519 intensiora
1352 1482 1492 1531 frigora
1507 1482 1602 1531 apud
1624 1494 1708 1529 nos,
1738 1485 1773 1519 ὃ(
1796 1487 1897 1533 paria

303 1540 376 1576 illis
390 1551 482 1587 quae
503 1540 554 1575 ibi
569 1538 674 1575 fiunt.

355 1595 391 1630 6.
422 1597 641 1630 ZEPHYRI
667 1593 750 1630 sunt
773 1592 919 1629 asseclae
941 1591 1118 1629 horarum
1138 1592 1506 1640 pomeridianarum:
1544 1592 1769 1630 Declinaute
1790 1595 1896 1631 enim

302 1647 381 1686 sole
395 1648 624 1696 frequentius
640 1646 775 1696 spirant
790 1649 892 1685 venti
913 1647 958 1684 ab
974 1647 1181 1693 occidente,
1198 1647 1242 1683 ab
1258 1649 1404 1683 oriente
1424 1647 1549 1683 rarius.

357 1712 392 1749 7.
422 1702 620 1739 AUSTER
644 1702 764 1738 noctis
779 1701 904 1738 assecla
927 1701 997 1742 est3
1027 1713 1115 1738 nam
1138 1702 1254 1738 ηοξὶιι
1270 1704 1306 1739 &
1329 1699 1468 1750 saepius
1489 1703 1621 1747 oritur,
1651 1704 1688 1738 δε
1711 1701 1773 1739 flat
1789 1702 1893 1741 vehe-

303 1758 476 1793 mentius.
533 1758 665 1793 Boreas
685 1766 811 1792 autem
827 1756 1001 1793 interdiu.

361 1811 395 1848 8.
425 1811 757 1848 ASSECLARUM
772 1823 862 1847 vero
885 1812 996 1846 maris
1011 1813 1047 1847 ὃ(
1062 1808 1290 1847 continentis
1305 1811 1447 1847 multae
1468 1812 1504 1846 ὅ(
1519 1822 1675 1859 magnae
1693 1810 1775 1849 sunt
1791 1812 1899 1851 difl'c-

303 1867 453 1902 rentiae.
510 1867 561 1902 Ea
584 1867 789 1914 praecipue,
818 1877 911 1913 quae
935 1865 1133 1902 Columbo
1148 1864 1272 1901 ansam
1296 1866 1463 1914 praebuit
1480 1866 1698 1902 inveniendi
1723 1868 1813 1904 novi
1837 1880 1895 1904 os-

304 1919 378 1955 bis:
408 1920 510 1967 quod
522 1921 623 1957 venti
640 1921 776 1956 marini
790 1919 869 1957 stati
884 1932 965 1956 non
980 1919 1076 1965 sunt,
1105 1920 1289 1957 terrestres
1305 1930 1429 1957 autem
1442 1921 1614 1956 maxime.
1672 1921 1776 1957 Cum
1789 1924 1896 1960 »enim

303 1974 465 2011 abundet
482 1974 678 2023 vaporibus
697 1986 811 2020 mare,
841 1976 906 2022 qui
929 1974 1066 2022 ubique
1080 1974 1157 2011 fere
1180 1973 1439 2011 indifferenter
1458 1974 1600 2020 adsunt,
1630 1976 1768 2023 ubique
1778 1979 1897 2014 ctiam

302 2038 526 2076 generantur
549 2030 663 2075 venti,
693 2031 730 2066 ὃς
752 2041 886 2078 magna
902 2028 1147 2066 inconstantia
1169 2028 1241 2065 huc
1257 2030 1346 2066 illue
1369 2028 1553 2075 feruntur,
1582 2041 1669 2066 cum
1692 2041 1808 2067 certas
1823 2034 1896 2069 ori-

302 2083 407 2130 gines
422 2085 458 2119 ὅ(
474 2083 596 2120 fontes
612 2095 690 2120 non
706 2082 875 2121 habeant.
931 2082 986 2119 At
1002 2093 1099 2120 terra
1114 2083 1158 2120 ad
1178 2085 1373 2120 materiam
1388 2093 1590 2120 ventorum
1605 2084 1710 2121 valde
1725 2086 1897 2135 inaequa-

303 2137 389 2172 liter
406 2137 439 2173 se
463 2137 592 2177 habet3
620 2150 707 2174 cum
731 2139 800 2174 alia
816 2139 897 2175 loca
913 2138 956 2174 acl
980 2148 1112 2175 ventos
1127 2138 1324 2186 pariendos
1340 2141 1376 2175 &
1396 2138 1586 2186 augendos
1601 2140 1719 2187 magis
1734 2137 1897 2180 efficacia

302 2189 390 2230 fint3
420 2193 488 2227 alia
504 2193 620 2240 magis
635 2192 814 2229 destituta.
870 2194 997 2241 ltaque
1012 2191 1102 2229 flant
1119 2193 1195 2229 fere
1210 2205 1229 2229 a
1244 2203 1346 2242 parte
1360 2192 1542 2230 fornitum
1558 2191 1724 2239 suorum,
1755 2197 1791 2232 ὃ(
1806 2197 1896 2234 inde

303 2245 549 2281 direstionem
566 2245 782 2282 sortiuntur.

358 2309 395 2344 9.
427 2300 534 2335 NoN
560 2299 640 2335 satis
663 2300 800 2336 constat
828 2297 892 2336 fibi
916 2299 1063 2337 Acosta.
1126 2300 1197 2338 Ait
1219 2301 1265 2338 ad
1288 2302 1485 2339 Peruviam
1514 2304 1551 2338 ὃ(
1573 2303 1762 2340 maritima
1783 2307 1896 2344 maris

304 2352 462 2387 australis
484 2352 560 2388 fere
583 2364 646 2400 per
669 2363 794 2390 totum
817 2363 958 2392 annum
983 2354 1118 2404 spirare
1141 2355 1289 2392 austros.
1344 2356 1450 2392 Idem
1472 2358 1562 2393 alibi
1586 2359 1636 2393 ait
1658 2358 1703 2394 ad
1727 2371 1788 2395 cas
1812 2373 1896 2399 oras

304 2405 438 2453 spirare
453 2402 686 2454 potissimum
696 2417 828 2444 ventos
843 2410 1020 2446 marinos.
1078 2410 1131 2445 At
1147 2409 1261 2446 auster
1291 2410 1363 2446 illis
1385 2411 1561 2448 terrestris
1576 2412 1636 2458 est,
1658 2423 1698 2449 ut
1713 2415 1750 2450 ὅ(
1765 2413 1896 2453 boreas

306 2462 343 2495 ὅ(
366 2471 485 2505 eurus,
522 2470 742 2508 tantumque
766 2461 944 2510 zephyrus
967 2463 1016 2500 est
1039 2464 1113 2499 illis
1135 2465 1312 2501 marinus.
1377 2465 1612 2503 Sumendum
1634 2467 1737 2515 quod
1759 2472 1897 2508 certius

308 2515 430 2561 ponit,
466 2514 539 2550 hoc
567 2515 625 2561 est,
662 2515 820 2552 austrum
846 2516 915 2552 ess‘e
941 2528 1095 2554 ventum
1120 2517 1287 2558 asseclam
1316 2520 1352 2555 ὅ(
1375 2519 1599 2557 familiarem
1624 2533 1753 2558 earum
1776 2526 1896 2574 regio-

304 2579 419 2607 num5
457 2566 523 2603 nisi
546 2568 642 2606 forte
668 2581 710 2605 ex
734 2569 892 2605 nomine
917 2574 1028 2608 maris
1050 2571 1209 2609 australis
1236 2573 1294 2610 vel
1317 2573 1543 2622 phantasiam
1572 2577 1628 2612 vel
1653 2577 1813 2615 modum
1842 2581 1897 2617 l-o-

306 2621 445 2668 qucndi
466 2624 644 2670 corrupit,
674 2624 887 2672 intelligens
910 2625 1112 2674 zephyrum
1135 2638 1200 2677 per
1224 2627 1382 2664 austrum
1398 2630 1501 2676 quod
1525 2641 1545 2666 a
1559 2631 1652 2667 mari
1672 2631 1813 2669 australi
1830 2634 1899 2684 ipi1

307 2686 374 2711 ret.
430 2676 484 2712 At
508 2688 621 2721 mare,
650 2678 752 2724 quod
774 2687 910 2714 vocant
930 2679 1089 2726 australe,
1119 2682 1268 2731 proprie
1290 2682 1439 2720 australe
1454 2696 1535 2720 non
1550 2684 1610 2731 est,
1642 2683 1700 2721 sed
1717 2696 1897 2735 tanquam

306 2741 467 2766 oceanus
490 2729 669 2768 secundus
698 2732 957 2773 occidentalis3
995 2735 1146 2782 quando
1168 2733 1278 2772 simili
1301 2748 1388 2774 cum
1415 2737 1613 2776 Atlantico
1636 2737 1704 2777 stru
1733 2746 1894 2792 exporri-

306 2793 424 2832 gatur.

367 2847 426 2873 10.
457 2836 499 2873 M
510 2848 632 2875 ARIN
644 2850 657 2875 1
673 2840 773 2875 venti
786 2838 867 2876 sunt
876 2841 1124 2890 proculdubio
1133 2843 1359 2882 terrestribus
1369 2845 1612 2893 humidiores,
1625 2847 1685 2885 sed
1694 2859 1819 2887 tamen
1830 2863 1893 2900 pu-

309 2890 436 2936 riores,
465 2893 602 2940 quique
617 2892 758 2930 facilius
774 2896 809 2930 ὃ(
823 2896 1007 2942 aequalius
1022 2908 1107 2932 cum
1122 2901 1203 2936 a'ere
1218 2911 1314 2947 puro
1333 2901 1634 2950 incorporentur.
1690 2905 1893 2945 Terrestres

308 2945 413 2982 enim
429 2947 524 2983 male
539 2949 789 2996 coagmentati
812 2950 849 2985 ὅ(
862 2949 990 2989 sumti.
1046 2950 1181 3000 Neque
1195 2964 1362 3005 opponat
1386 2955 1568 3005 quispiam
1584 2968 1647 2994 eos
1662 2957 1795 2996 debere
1811 2962 1891 3007 υἱὲ,

1737 3025 1891 3064 propter
