1973 3570
176 271 276 317 DE
320 268 1172 319 INTERPRETATIONE
1223 271 1629 327 NATURAE.

104 380 167 408 aut
182 367 320 407 nobilis
345 368 383 406 in
403 370 531 407 villula
557 369 784 408 lucubrantis
818 371 1034 421 exemplum
1063 371 1266 418 adduxerit,
1297 374 1403 422 quod
1424 376 1460 411 ὅ(
1480 375 1704 418 rariffimum

102 424 319 476 reperietur.
378 425 450 462 Sed
469 425 607 462 faCtum
623 423 796 474 deinceps
817 424 924 462 instat
939 423 1108 463 transitus
1137 427 1328 472 cujusdam
1358 432 1392 466 ὅ(
1410 430 1640 481 pontisternii
1659 434 1703 473 ad

104 482 186 527 alia,
208 490 460 528 magnamque
476 478 577 517 istam
594 478 830 516 icientiarum
848 491 1011 517 matrem
1027 482 1067 517 in
1083 481 1255 519 ancillam
1287 494 1471 521 mutatam
1501 487 1581 534 effe,
1611 501 1705 537 quae

106 535 315 574 medicinae
331 544 393 571 aut
410 534 683 571 mathematicis
700 534 875 586 operibus
890 534 1086 583 ministret,
1103 548 1165 573 aut
1185 537 1483 576 adolescentium
1504 542 1705 582 immatura

107 591 260 640 ingenia
275 591 371 626 lavet
384 591 419 626 ἅ
436 590 593 636 imbuat,
605 589 720 626 veluti
741 588 900 626 tinEiura
920 591 1078 640 quadam
1096 593 1228 642 prima,
1245 603 1284 629 ut
1297 593 1407 630 aliam
1422 594 1546 631 rursus
1561 597 1703 636 felicius

105 647 142 682 δε
157 644 399 681 commodius
415 645 609 692 excipiant.
668 644 797 692 Itaque
813 645 934 681 visum
954 645 1002 681 est
1025 646 1072 692 ci,
1102 649 1310 684 naturalem
1330 648 1618 698 philosophiam,
1649 655 1702 690 in-

101 698 363 737 cumbentium
384 697 422 733 &
441 697 622 749 paucitate
639 700 676 735 ὅτ,
691 698 924 736 festinatione
941 702 978 736 ὅ(
997 703 1190 747 tyrocinio
1205 701 1413 740 destitutam
1429 705 1561 749 jacere.
1616 709 1701 746 Nec

100 753 151 792 ita
170 755 297 791 multo
317 753 395 803 post
411 752 527 791 visum
543 753 592 790 cst
607 753 651 800 ei,
665 753 738 791 hoc
754 754 798 791 ad
814 754 1029 791 universum
1044 756 1304 795 doctrinarum
1315 758 1449 795 statum
1464 759 1702 812 summopere

99 809 302 863 pertinere:
335 810 484 845 Omnes
503 810 605 845 enim
627 818 723 845 artes
740 812 774 846 ὅ(
791 808 955 846 scientias
964 810 1010 845 ab
1025 810 1093 846 hac
1106 811 1212 863 stirpe
1226 813 1395 860 revulsas,
1412 814 1522 863 poliri
1537 814 1699 855 fortaliis

100 865 163 901 aut
179 863 218 900 in
234 862 341 901 usum
357 860 500 912 effingi,
525 863 585 900 sed
601 864 655 901 nil
670 865 878 901 admodum
899 863 1072 901 crescere.

156 919 444 956 COG1TAVIT
469 920 505 955 ὅ(
521 919 626 964 illud,
651 931 765 968 quam
780 917 980 956 molestum
1010 932 1050 956 ac
1074 922 1114 957 in
1134 921 1241 959 omni
1261 935 1399 971 genere
1421 921 1617 962 difficilem
1638 929 1697 964 ad-

100 972 297 1012 versarium
326 971 484 1010 naciasit
509 973 744 1024 philosophia
759 976 945 1020 naturalis,
976 973 1273 1024 superstitionem
1299 977 1479 1016 nimirum
1509 983 1543 1016 &
1572 983 1698 1020 zelum

98 1027 301 1078 religioniS,
317 1040 468 1065 caccum
485 1029 839 1066 &immoderatum.
899 1030 1102 1078 Comperit
1122 1031 1222 1068 enim
1239 1045 1281 1069 ex
1299 1031 1461 1071 Graecis
1476 1038 1697 1084 nonnullos,

99 1086 164 1132 qui
183 1085 349 1133 primum
365 1083 485 1120 causas
502 1085 685 1121 naturales
704 1084 873 1121 fulminis
903 1086 939 1120 ὅ(
960 1085 1219 1133 tempestatum
1253 1086 1402 1124 insuetis
1425 1089 1544 1126 adhuc
1577 1090 1697 1129 homi-

99 1151 196 1176 num
210 1139 358 1175 auribus
373 1138 660 1187 proposuerunt,
681 1137 879 1188 impietatis
895 1150 942 1175 eo
957 1139 1116 1175 nomine
1137 1141 1334 1178 damnatos
1352 1156 1359 1178 ι
1389 1155 1460 1180 nec
1476 1145 1602 1181 multo
1620 1158 1697 1183 me-

38 1233 41 1235 ,
97 1195 171 1232 lius
185 1203 369 1242 except03‚
392 1193 452 1230 sed
478 1192 516 1230 in
539 1194 643 1230 idem
668 1194 852 1237 judicium
871 1193 1061 1239 adductos,
1093 1206 1174 1231 non
1203 1198 1332 1247 capitis
1360 1197 1444 1234 sane
1474 1197 1534 1235 sed
1563 1199 1697 1248 famae,

98 1248 404 1298 cosmographos,
426 1246 492 1297 qui
509 1260 552 1284 ex
566 1245 781 1285 certiflimis
793 1247 1189 1297 demonstrationibus,
1217 1251 1352 1299 quibus
1377 1263 1495 1289 nemo
1510 1253 1623 1291 hodie
1645 1255 1696 1293 sa-

97 1315 170 1340 nus
188 1301 463 1349 contradixerit,
488 1302 655 1340 formam
685 1313 806 1340 terrae
834 1303 1038 1341 rotundam
1066 1302 1293 1352 tribuerunt,
1318 1308 1355 1343 &
1384 1318 1427 1343 ex
1451 1309 1698 1357 consequenti

97 1358 314 1408 Antipodas
350 1357 587 1405 asseruerunt,
620 1357 873 1396 accusantibus
901 1358 1123 1407 quibusdam
1156 1372 1200 1397 ex
1233 1362 1394 1412 antiquis
1421 1364 1587 1414 patribus
1609 1363 1697 1409 fidei

99 1412 342 1450 Christianae.
398 1412 503 1465 Quin
527 1415 564 1450 ὅ(
578 1411 772 1451 duriorem
790 1414 849 1463 (ut
864 1426 967 1450 nunc
988 1413 1073 1452 sunt
1093 1413 1166 1464 res)
1191 1416 1457 1453 conditionem
1472 1417 1696 1457 sermonum

97 1468 145 1505 de
182 1478 314 1505 natura
334 1466 505 1505 effeaam
533 1481 575 1505 ex
609 1468 819 1506 temeritate
847 1469 1121 1518 theologorum
1150 1469 1464 1520 scholasticorum,
1495 1474 1532 1510 &
1561 1486 1696 1512 eorum

97 1522 291 1569 clientelis,
315 1521 380 1573 qui
401 1535 490 1560 cum
513 1523 747 1573 theologiam
773 1523 875 1573 (satis
900 1535 970 1573 pro
992 1522 1188 1573 potestate)
1215 1526 1257 1562 in
1281 1525 1454 1563 ordinem
1471 1528 1694 1577 redegerint,

98 1580 136 1617 ὅ(
158 1580 200 1614 in
217 1579 303 1614 artis
318 1577 497 1615 fabricam
513 1575 748 1620 effinxerint3
775 1578 848 1616 hoc
863 1577 1010 1630 insuper
1025 1577 1098 1616 anfi
1113 1579 1198 1616 sunt
1220 1590 1261 1617 ut
1281 1582 1559 1619 contentiosam
1583 1586 1620 1621 ὃ(
1638 1595 1695 1622 tu-

97 1631 338 1675 multuariam
353 1630 580 1682 Aristotelis
604 1632 880 1685 philosophiam
896 1636 1048 1683 corpori
1068 1633 1257 1684 religionis
1278 1634 1562 1675 immiscuerint.
1621 1641 1698 1676 Eo-

97 1688 187 1725 dem
203 1687 359 1736 specstare
379 1689 504 1734 etiam,
527 1689 630 1737 quod
656 1689 730 1725 hoc
750 1689 897 1725 lacculo
916 1689 1014 1726 haud
1028 1690 1116 1726 alias
1135 1689 1335 1738 opiniones
1364 1693 1400 1728 ὅς
1427 1691 1695 1743 disputationes

98 1742 214 1792 magis
228 1742 398 1781 secundis
413 1742 530 1780 ventis
546 1743 636 1780 ferri
652 1743 820 1792 reperies,
849 1755 963 1794 quam
979 1756 1113 1781 eorum
1143 1747 1208 1793 qui
1235 1744 1449 1795 theologiae
1470 1750 1505 1784 ὅ(
1531 1748 1696 1797 philoso-

96 1798 218 1850 phiae,
248 1798 360 1843 idest,
398 1798 564 1834 fidem&
592 1797 725 1845 sensus,
762 1797 983 1847 conjugium
1020 1798 1134 1837 veluti
1162 1798 1388 1849 legitimum,
1414 1803 1534 1839 multa
1552 1815 1694 1853 pompa

99 1856 138 1890 δ(
152 1852 377 1889 solennitate
393 1854 594 1899 celebrant,
623 1856 660 1890 ὅ(
674 1863 777 1902 grata
796 1865 921 1890 rerum
946 1853 1120 1891 varietate
1140 1857 1287 1892 animos
1302 1855 1504 1894 hominum
1531 1860 1694 1907 permul-

97 1918 237 1954 centes,
260 1906 412 1945 interim
427 1907 553 1944 divina
574 1908 788 1945 &humana
804 1907 1031 1957 inauspicato
1045 1908 1280 1960 permiscent.
1339 1912 1482 1948 Revera
1516 1923 1643 1949 autem
1669 1909 1695 1950 si

99 1962 180 2011 quis
199 1960 416 2011 diligentius
434 1964 608 2000 animum
621 1963 800 2009 advertat,
825 1975 905 1999 non
927 1964 1053 2000 minus
1083 1965 1239 2013 periculi
1267 1965 1424 2002 naturali
1440 1967 1697 2019 philosophiae

99 2030 143 2055 ex
163 2016 364 2054 istiusmodi
385 2018 505 2054 fallaci
526 2019 711 2066 &iniquo
726 2018 890 2064 foedere,
917 2028 1030 2066 quam
1055 2029 1097 2055 ex
1113 2018 1244 2068 apertis
1259 2019 1467 2057 inimicitiis
1483 2022 1696 2060 imminere.

100 2073 188 2110 Tali
203 2073 308 2109 enim
323 2072 476 2110 foedere
505 2074 541 2109 ἀ
558 2072 732 2110 societate
749 2083 893 2122 recepta
918 2075 958 2110 in
974 2071 1208 2125 philosophia
1226 2085 1375 2113 tantum
1402 2077 1673 2126 comprehendi
1691 2092 1699 2113 :

44 2128 48 2132 ’
99 2130 204 2166 au&a
218 2137 344 2165 autem
367 2128 426 2164 vel
445 2126 578 2174 addita,
602 2129 661 2165 vel
684 2126 723 2164 in
751 2127 883 2165 melius
906 2138 1062 2176 mutata,
1091 2131 1205 2166 etiam
1232 2129 1387 2167 severius
1415 2133 1452 2168 ὅ(
1476 2133 1700 2183 pertinacius

100 2182 258 2220 excludi.
312 2182 487 2231 Denique
501 2182 622 2219 versus
644 2184 890 2230 incrementa,
907 2185 943 2220 ὃ(
968 2195 1084 2220 novas
1098 2185 1214 2222 veluti
1239 2197 1322 2222 oras
1338 2187 1374 2222 ὃς
1390 2187 1563 2235 regiones
1578 2186 1698 2235 philo—

101 2238 265 2287 sophiae,
290 2238 423 2275 omnia
451 2250 493 2275 ex
521 2247 624 2287 parte
652 2239 857 2287 religionis,
893 2249 1088 2287 pravarum
1121 2238 1374 2288 suspicionum
1407 2243 1444 2276 ὅ(
1477 2239 1698 2289 impotentis

102 2294 232 2331 fastidii
255 2293 366 2345 plena
394 2293 474 2330 effe.
533 2292 642 2329 Alios
673 2291 854 2340 siquidem
880 2291 1075 2341 simplicius
1100 2293 1296 2340 subvereri,
1320 2306 1369 2330 ne
1397 2294 1499 2331 forte
1523 2296 1635 2332 altior
1658 2294 1698 2333 in

102 2359 275 2386 naturam
291 2345 482 2395 inquisitio
498 2349 594 2385 ultra
609 2347 739 2384 datum
755 2349 791 2384 ὅ(
807 2347 1021 2383 concefl'um
1046 2346 1254 2384 sobrietatis
1277 2346 1485 2386 terminum
1513 2360 1696 2399 penetret,

103 2404 338 2440 traducentes
352 2414 432 2439 non
455 2404 552 2440 reite
568 2414 609 2439 ea
627 2414 721 2451 quae
747 2401 794 2439 de
822 2400 953 2439 divinis
976 2400 1153 2450 mysteriis
1181 2403 1367 2450 dicuntur,
1390 2413 1553 2454 quorum
1576 2407 1697 2443 multa

103 2458 171 2496 sub
184 2456 305 2507 figillo
319 2455 449 2494 divino
467 2458 586 2495 clausa
609 2467 776 2503 manent,
799 2456 845 2492 ad
874 2457 1023 2493 occulta
1049 2467 1212 2503 naturae,
1241 2470 1334 2505 quae
1362 2459 1472 2495 nullo
1497 2458 1697 2497 interdicto

102 2512 316 2564 separantur
333 2526 341 2548 :
370 2511 460 2548 alios
473 2513 642 2550 callidius
657 2513 856 2557 conjicere,
881 2509 906 2547 fi
919 2511 1044 2548 media
1059 2512 1295 2561 ignorentur,
1318 2510 1459 2562 singula
1479 2515 1522 2550 ad
1539 2526 1697 2552 manum

103 2568 340 2616 &virgulam
360 2567 529 2604 divinam
557 2567 673 2618 (quod
703 2567 909 2616 religionis,
940 2576 981 2603 ut
1008 2576 1151 2615 putant,
1176 2569 1339 2604 maxime
1364 2567 1523 2618 interfit)
1554 2568 1698 2606 facilius

103 2623 255 2663 referri3
284 2622 388 2672 quod
405 2620 460 2658 nil
479 2620 577 2659 aliud
593 2622 652 2668 est,
677 2634 790 2669 quam
804 2622 891 2657 Deo
922 2632 985 2670 per
1000 2621 1240 2658 mendacium
1270 2622 1465 2671 gratificari
1480 2625 1587 2661 velle.
1644 2625 1698 2661 A-

104 2679 176 2715 lios
191 2679 237 2715 ab
253 2677 426 2727 exemplo
438 2686 616 2723 metuere,
640 2689 689 2713 ne
703 2686 831 2713 motus
848 2677 884 2711 &
898 2674 1125 2712 mutationes
1141 2675 1397 2729 philosophiae
1415 2679 1454 2714 in
1470 2679 1698 2728 religionem

106 2735 295 2770 incurrant
313 2734 348 2768 &
365 2729 544 2769 desinant.
601 2731 713 2768 Alios
736 2729 899 2778 denique
913 2728 1076 2766 solicitos
1091 2732 1222 2778 videri,
1249 2744 1297 2768 ne
1331 2733 1371 2769 in
1400 2743 1553 2771 naturae
1577 2732 1697 2782 inqui-

106 2785 239 2824 fitione
253 2785 390 2837 aliquid
415 2784 571 2822 inveniri
586 2782 711 2837 possit,
736 2785 839 2834 quod
854 2783 1077 2833 religionem
1101 2786 1305 2823 labefaCtet.
1365 2788 1470 2839 Quae
1500 2789 1579 2825 duo
1598 2787 1696 2836 cogi-

107 2851 182 2879 tata
213 2841 511 2878 incredulitatem
547 2841 734 2891 quandam
764 2839 905 2891 sapiunt
943 2841 979 2877 ὅ(
1012 2838 1228 2888 sapientiam
1255 2840 1478 2879 animalem:
1520 2843 1696 2892 posterius

109 2907 235 2932 autern
258 2895 393 2944 absque
418 2895 608 2947 impietate
627 2908 675 2931 ne
704 2897 742 2931 in
763 2893 1040 2931 dubitationem
1062 2905 1125 2931 aut
1145 2895 1389 2948 suspicionem
1417 2899 1543 2934 venire
1566 2895 1695 2945 potest.r

109 2952 235 3002 Qate
255 2950 338 2987 satis
357 2950 557 2997 constabat,
590 2949 630 2987 in
650 2947 864 2996 hujusmodi
883 2949 1128 2998 opinionibus
1150 2952 1315 2988 multum
1339 2949 1575 2995 infirmitatis,
1605 2950 1695 2998 quin

110 3002 321 3042 &invidiae
341 3003 569 3042 &fermenti
582 3017 664 3041 non
680 3015 821 3053 parum,
846 3003 992 3040 subess'e.
1049 3005 1269 3042 Naturalem
1299 3005 1399 3042 enim
1422 3004 1695 3056 philosophiam

111 3059 191 3110 post
205 3059 376 3096 Verbum
398 3057 471 3096 Dei
489 3056 730 3096 certissimam
754 3057 1012 3107 superstitionis
1041 3058 1277 3106 medicinam,
1308 3061 1464 3097 eandem
1493 3056 1696 3109 probatissi-

110 3124 219 3150 mum
233 3112 319 3149 fidei
334 3116 558 3151 alimentum
573 3116 653 3151 effe.
710 3115 836 3162 Itaque
852 3115 993 3150 merito
1014 3113 1184 3163 religioni
1210 3125 1387 3162 tanquam
1417 3110 1630 3150 fidiilimani
1661 3116 1697 3149 &

112 3164 401 3217 acceptissimam
415 3169 590 3207 ancillam
609 3167 778 3207 attribui:
815 3179 902 3206 cum
930 3170 1044 3206 altera
1059 3167 1294 3207 volunt-atem
1310 3170 1393 3210 Dei,
1420 3169 1531 3204 altera
1546 3167 1700 3216 potesta-

1622 3231 1702 3257 tem

1778 287 1872 344 269
