1973 3570
133 190 226 253 198
409 178 879 231 HISTORIA
935 173 1129 221 SONI
1188 171 1295 219 ET
1354 161 1736 218 AUDITUS.

266 294 428 336 quatuor
451 292 514 320 aut
534 282 703 330 quinque
724 277 925 324 foramina,
962 288 1042 313 non
1060 274 1169 312 instar
1190 273 1383 320 rimarum,
1414 272 1475 310 se'd
1501 272 1664 310 rotunda
1678 273 1775 310 circa
1797 270 1874 320 me-

268 341 377 378 dium
391 339 486 376 tubi.
542 330 734 373 Pereussio
755 332 831 369 suas
855 333 929 377 jam
949 331 1090 381 accepit
1116 331 1224 375 vires,
1254 325 1322 365 nisi
1343 337 1527 377 quatenus
1542 326 1688 364 ratione
1713 325 1876 377 longitu-

270 396 370 433 dinis
389 394 471 431 tubi
487 400 713 440 augeantur:
743 398 778 424 at
800 382 985 436 pereuffio
1001 386 1093 421 a'eris
1111 384 1157 420 ad
1173 385 1315 421 exitum
1332 381 1499 432 sclopeti‚
1529 382 1633 432 quod
1652 393 1806 430 generat
1825 381 1878 420 so-

273 462 382 496 num,
421 448 586 484 multum
607 442 869 481 extenuabitur
895 442 941 477 ab
964 435 1165 477 emiffione
1190 438 1273 475 soni
1297 448 1361 489 per
1386 435 1657 474 illa'foramina
1677 438 1722 473 in‘
1738 437 1880 485 medio,

274 513 477 552 antequam
494 502 551 537 a'e'r
568 496 730 536 inclusus
746 496 951 546 perferatur
967 495 1012 531 ad
1027 506 1069 531 os
1081 494 1248 545 sclopeti.
1307 494 1435 541 Itaque
1449 491 1644 543 probabile
1651 491 1733 538 ‘ests
1745 491 1881 529 ibnu'm

275 561 386 597 illum
406 559 443 594 δ(
464 555 652 593 bombum
667 553 796 589 multis
817 550 980 602 partibus
1000 549 1234 586 diminutum
1252 547 1347 585 fore.

750 640 823 682 ‘De
838 639 1103 696 repercuffi'one
1112 634 1215 694 sbni,
1245 636 1293 683 ὠ
1308 637 1408 678 echo.

333 722 617 763 REPERCUSS
629 729 678 755 10
698 717 881 754 sonorum
899 717 1027 763 (quam
1048 714 1144 751 echo
1158 713 1347 759 vocamus)
1370 712 1410 748 in
1427 721 1694 761 argumentum
1709 709 1806 766 sumi
1818 708 1882 766 po.-

281 777 360 823 test,
392 788 472 813 non
497 774 567 812 effe
592 773 726 810 sonum
751 781 902 807 motum
926 770 1086 806 localem
1109 769 1212 805 aeris.
1269 768 1372 805 Nam
1395 764 1420 803 fi
1444 767 1542 813 efl'et,
1570 766 1748 803 debuerat
1760 776 1888 821 reper-

282 828 402 870 cussio
416 830 496 867 fieri
520 830 562 865 in
583 827 704 864 modo
727 822 914 862 consimili
930 824 974 860 ad
999 824 1203 872 originale3
1232 831 1273 858 ut
1288 821 1329 858 fit
1353 822 1393 858 in
1409 822 1588 858 omnibus
1603 817 1885 871 rcpercuffioni-

283 888 351 924 bus
374 885 574 933 corporeis.
632 880 688 917 At
713 882 753 916 in
779 878 887 924 sono,
917 889 1003 915 cum
1023 888 1101 914 tam
1122 886 1289 914 accurata
1318 877 1526 924 requiratur
1550 874 1770 924 generatio,
1785 873 1825 915 ur
1844 873 1887 929 'in

282 952 388 985 voce,
424 949 518 986 quae
538 946 598 973 tot
619 935 728 972 habet
752 933 1009 979 instrumenta,
1047 935 1084 969 ὅ(
1104 933 1144 968 in
1169 930 1423 968 instrumentis
1446 928 1604 975 musiciS,
1632 942 1726 978 quae
1750 930 1889 968 subtili-

283 1006 340 1032 ter
356 993 531 1031 fabricata
554 991 651 1036 sunt,
680 1001 723 1026 ea
741 999 836 1037 quae
859 987 1021 1025 reddunt
1037 986 1175 1024 sonum
1198 985 1447 1037 repercussum
1462 985 1558 1022 nihil
1583 985 1721 1022 horum
1736 984 1889 1033 habent,

284 1049 346 1087 sed
372 1047 475 1084 rudia
494 1046 605 1096 plane
625 1044 722 1091 sunt,
752 1045 790 1081 &
814 1042 907 1080 illud
926 1042 1005 1080 fere
1028 1042 1179 1088 habent,
1208 1051 1249 1078 ut
1269 1039 1381 1077 sonus
1404 1051 1486 1077 non
1506 1039 1678 1087 transeat,
1707 1037 1889 1093 vix'aliud

285 1103 491 1154 quippiam.

287 1210 362 1251 ‘De
373 1207 563 1264 conjugiis
579 1204 626 1252 ὠ
637 1205 800 1258 dzffidiis
812 1205 1041 1247 audibilium
1055 1205 1102 1251 όν
1118 1204 1338 1258 vistbilium,
1361 1201 1408 1249 ό
1420 1202 1601 1252 aliarum,
1622 1184 1720 1257 quai·
1733 1198 1892 1254 vorant,

834 1261 1335 1316 specierumspiritualinm.

902 1344 1150 1384 Conveniunt
1165 1346 1207 1382 in
1221 1343 1299 1392 his‚

342 1414 489 1458 AMsso
504 1418 769 1457 diffunduntur
789 1420 829 1457 in
848 1421 1047 1456 circuitum
1064 1419 1305 1468 sphaericum,
1336 1420 1373 1456 ὅ(
1390 1428 1575 1469 occupant
1595 1417 1806 1457 universam
1820 1429 1897 1455 are-

293 1485 355 1511 am
369 1475 447 1520 ejus
462 1474 644 1526 sphaerae,
673 1477 709 1510 ὅ(
725 1474 896 1511 feruntur
917 1474 960 1510 ad
977 1473 1088 1522 spatia
1108 1474 1204 1510 bene
1223 1474 1445 1522 longinqua,
1478 1477 1514 1512 δε
1530 1472 1794 1523 elanguescunt
1811 1485 1899 1524 pau·

293 1530 402 1566 latim
426 1528 629 1566 secundum
649 1528 858 1565 distantiam
883 1528 1031 1575 objecti,
1070 1529 1206 1566 deinde
1228 1528 1462 1567 evanescunt.
1519 1528 1654 1566 Ambo
1667 1528 1842 1566 deferunt
1860 1527 1901 1565 fi·

297 1594 405 1632 guras
429 1585 466 1620 &
489 1582 718 1620 differentias
743 1582 832 1629 suas,
860 1596 926 1635 per
950 1585 1145 1632 portiones
1165 1585 1328 1621 minutas
1348 1582 1519 1632 sphaerae
1542 1583 1637 1630 suae,
1674 1585 1838 1633 integras
1861 1585 1901 1622 &

297 1636 533 1677 inconfusas
563 1647 603 1674 ut
618 1638 869 1687 percipiantur
891 1650 958 1687 per
978 1638 1165 1675 foramina
1179 1650 1288 1688 parva
1309 1650 1389 1675 non
1405 1638 1505 1676 secus
1520 1650 1633 1687 quam
1648 1637 1687 1674 in
1703 1647 1845 1687 aperto.
1892 1640 1894 1643 '

347 1691 493 1729 AMsso
508 1691 592 1729 sunt
608 1693 863 1741 generationis
878 1695 914 1730 ὃ(
930 1693 1129 1730 delationis
1144 1694 1250 1732 valde
1265 1692 1406 1731 subitae
1421 1704 1462 1729 ac
1477 1694 1629 1734 celeris3
1660 1705 1701 1730 ac
1721 1705 1742 1730 e
1756 1702 1901 1739 contra,

295 1747 566 1796 extinguuntur
582 1749 618 1783 ὃ(
633 1757 791 1795 pereunt
812 1747 936 1784 subito
953 1750 989 1785 ὃς
1005 1749 1186 1785 celeriter.

351 1801 495 1838 AMsso
512 1800 712 1850 suscipiunt
725 1803 762 1838 ὃς
776 1802 950 1839 deferunt
967 1804 1131 1839 minutas
1145 1802 1374 1840 differentias
1389 1805 1426 1840 &
1441 1813 1636 1849 accuratas,
1656 1812 1699 1840 ut
1711 1801 1903 1849 colorum,

297 1855 513 1905 figurarum,
541 1866 732 1903 motuum,
761 1855 1014 1894 distantiarum
1042 1859 1082 1894 in
1108 1856 1328 1899 visibilibus3
1360 1870 1498 1896 vocum
1526 1859 1817 1904 articulatarum‚
1844 1867 1902 1894 to-

298 1922 440 1948 norum
465 1910 789 1958 harmonicorum,
820 1914 856 1949 &
878 1914 1042 1963 pernicis
1057 1913 1288 1951 alterationis
1308 1911 1380 1952 five
1399 1912 1657 1963 trepidationis
1671 1912 1838 1965 ipsorum
1861 1912 1903 1948 in

298 1965 534 2002 audibilibus.
1098 1974 1101 1976 “

354 2019 501 2056 ΑΜΒΟ
525 2021 564 2057 in
579 2022 717 2059 virtute
741 2023 778 2059 ὅ(
792 2021 931 2060 viribus
954 2021 1037 2068 suis,
1066 2035 1146 2060 non
1167 2023 1342 2060 videntur
1364 2024 1421 2061 vel
1444 2023 1617 2060 emittere
1638 2023 1800 2071 aliquam
1822 2033 1903 2059 cor-

300 2075 470 2123 poralem
492 2073 727 2112 substantiam
752 2078 791 2112 in
815 2077 941 2113 media
967 2076 1039 2124 sua,
1067 2088 1129 2115 aut
1153 2079 1338 2115 ambitum
1358 2077 1530 2127 sphaerae
1553 2077 1658 2118 suae;
1695 2088 1766 2114 nec
1789 2078 1905 2114 etiam

302 2128 412 2165 edere
437 2138 498 2166 aut
519 2130 615 2166 ciere
640 2129 877 2168 manifestum
892 2141 1044 2169 motum
1067 2133 1228 2169 localem
1244 2134 1283 2169 in
1303 2133 1437 2170 mediis
1452 2132 1535 2179 suis,
1565 2132 1626 2169 sed
1642 2131 1786 2170 deferre
1800 2131 1903 2182 quasz

304 2183 390 2220 dam
406 2182 542 2234 specics
558 2183 776 2233 spirituales,
806 2197 964 2233 quarum
980 2187 1176 2235 ignoratur
1191 2189 1288 2224 ratio
1303 2190 1339 2225 δ(
1354 2188 1502 2225 modus.
1894 2228 1896 2231 ,

355 2237 393 2273 A
403 2248 437 2273 M
447 2250 468 2275 B
476 2250 501 2276 o
512 2238 687 2276 videntur
697 2252 779 2276 non
790 2242 1002 2289 generativa
1013 2242 1165 2287 alicujus
1176 2243 1325 2279 alterius
1338 2244 1483 2280 virtutis
1495 2250 1557 2279 aut
1568 2242 1753 2290 qualitatis
1760 2250 1906 2292 praeter

304 2293 484 2330 virtutem
499 2294 704 2344 propriam,
735 2297 771 2331 ὃ(
791 2305 943 2332 eatenus
961 2297 1129 2345 operari3
1159 2298 1244 2334 alias
1261 2296 1395 2335 sterilia
1408 2297 1488 2334 effe.
1888 2300 1891 2303 '

359 2346 504 2384 AMsso
535 2349 576 2384 in
605 2347 752 2398 propria
783 2348 843 2387 sua
872 2348 1017 2387 astione
1045 2351 1220 2389 videntur
1248 2353 1318 2389 tria
1347 2349 1445 2400 quasi
1473 2353 1720 2403 corporaliter
1747 2352 1904 2402 operari.

305 2401 489 2447 Primum,
529 2403 631 2449 quod
652 2402 786 2441 fortius
809 2404 999 2450 objestum
1023 2415 1166 2454 mergat
1186 2408 1223 2443 ὅ(
1245 2406 1452 2443 confundat
1472 2407 1642 2454 debilius,
1670 2417 1711 2444 ut
1735 2409 1796 2446 lux
1818 2406 1906 2443 solis

307 2456 432 2491 lucem
448 2456 633 2502 candelae,
659 2456 834 2506 displosio
849 2459 1076 2496 bombardae
1091 2472 1236 2497 vocem.
1296 2461 1522 2508 Secundum,
1550 2462 1652 2510 quod
1669 2461 1908 2500 excellentius

308 2509 498 2555 objectum
519 2510 676 2548 destruat
697 2512 844 2550 sensum
864 2513 1101 2560 debiliorem,
1132 2524 1172 2552 ut
1189 2516 1318 2552 lumen
1339 2514 1427 2551 solis
1442 2518 1609 2563 oculum,
1637 2516 1750 2554 sonus
1764 2517 1907 2555 violen-

308 2574 367 2601 tus
383 2564 422 2600 in
441 2567 617 2615 proximo
634 2566 677 2603 ad
694 2578 822 2604 aurem
837 2567 1016 2606 auditum.
1073 2570 1261 2616 Tertium,
1291 2570 1394 2618 quod
1408 2571 1522 2608 ambo
1535 2572 1845 2621 repercutiuntur,
1865 2579 1908 2607 ut

308 2620 348 2655 in
366 2618 518 2669 speculis
532 2622 568 2657 δε
583 2621 689 2658 echo.

362 2674 402 2711 N
412 2684 538 2724 EQUE
565 2675 756 2721 objectum
779 2677 889 2714 unius
904 2678 1103 2716 confundit
1126 2689 1187 2717 aut
1203 2680 1360 2731 impedit
1384 2681 1576 2728 objectum
1597 2681 1768 2722 alterius
1803 2680 1907 2720 velut

309 2728 370 2764 lux
393 2739 454 2764 aut
470 2729 590 2775 color,
621 2730 768 2778 sonum,
798 2741 861 2769 aut
875 2744 895 2768 e
911 2744 1053 2771 contra.

361 2781 398 2818 A
410 2793 509 2820 Msso
524 2780 691 2822 afficiunt
708 2785 854 2823 sensum
872 2785 911 2823 in
927 2788 1161 2835 animalibus,
1191 2789 1303 2837 idque
1318 2790 1472 2836 objectis
1492 2789 1696 2829 secundum
1712 2790 1830 2840 magis
1844 2800 1907 2828 aut

310 2838 438 2874 minus
459 2839 571 2887 gratis
586 2849 647 2876 aut
674 2839 832 2878 odiosis:
862 2850 1027 2879 attamen
1050 2840 1217 2880 afficiunt
1233 2845 1347 2881 etiam
1369 2846 1490 2882 modo
1509 2845 1577 2883 suo
1599 2845 1908 2896 inanimata'pro—

311 2893 527 2942 portion‘ata
551 2895 588 2930 ὅ(
603 2896 752 2944 organis
776 2895 948 2934 sensuum
971 2897 1025 2944 (ut
1047 2898 1207 2946 videtur)
1229 2899 1462 2941 conformia;
1492 2909 1533 2938 ut
1548 2902 1695 2938 colores
1718 2900 1914 2950 speculum*

310 2947 415 2993 quod
438 2947 689 2996 crystallinum
713 2948 761 2986 est
783 2950 892 2987 instar
915 2953 1030 2999 oculi,
1063 2952 1146 2991 soni
1171 2953 1275 2992 locos
1299 2955 1621 3004 reverberationis‚
1650 2956 1715 3006 qui
1734 2955 1913 2999 videntur*

309 3001 424 3039 ctiam
438 3000 573 3041 similes
587 2999 656 3042 ossi
672 3005 709 3043 ὅ(
723 3016 899 3046 cavernae
919 3007 1025 3046 auris.

1780 3051 1909 3105 Aiinzd
