1973 3570
248 265 342 310 DE
376 262 1175 311 INTERPRETATIONE
1211 267 1580 319 NATURAE,

109 372 284 422 chymista
301 384 392 410 vcro
417 370 462 408 ad
483 372 568 408 attis
593 370 673 408 suae
698 370 1009 419 sublevationem,
1032 383 1174 409 errores
1200 373 1370 423 proprios
1400 387 1484 412 reos
1513 377 1703 427 substituit,

110 426 234 465 secum
249 427 473 464 accusatorie
493 427 710 477 reputando,
735 427 770 463 se
799 436 861 465 aut
888 429 974 464 artis
1006 428 1043 464 ὃ(
1071 426 1274 464 authorum
1305 430 1485 467 vocabula
1517 444 1598 470 non
1622 435 1702 472 satis

107 480 332 528 intellexisse,
349 481 448 518 unde
463 481 507 517 ad
524 480 771 517 traditionum
799 485 835 519 &
856 493 922 519 ore
950 492 1058 518 tenus
1080 483 1321 529 eloquiorum
1346 484 1508 521 susurros
1529 490 1701 527 animum

106 535 274 586 applicat,
290 538 407 573 autin
423 535 598 586 practicae
614 535 799 584 scrupulis,
818 537 1139 585 proportionibus,
1163 539 1200 573 ὅ(
1214 540 1421 575 momentis
1450 540 1589 588 aliquid
1616 546 1701 580 titu-

106 591 340 628 batum‘ess'e:
369 592 469 628 unde
490 591 741 639 experimenta
763 590 993 628 felicioribus
1025 593 1079 638 (ut
1094 588 1216 642 putat)
1246 591 1413 641 auspiciis
1441 594 1480 630 in
1512 596 1702 634 infinitum

106 644 251 697 repetit.
305 646 365 682 Ac
382 645 534 682 interim
550 656 637 681 cum
653 643 749 681 inter
769 644 1113 694 experimentorum
1128 645 1373 695 vertiginosas
1387 649 1571 697 ambages,
1592 654 1631 689 in
1647 654 1702 689 in-

103 711 213 738 venta
242 701 436 748 quaedam,
466 709 528 736 aut
557 698 630 747 ipsa
663 699 755 736 facie
773 711 884 746 nova,
908 710 970 738 aut
985 700 1145 738 utilitate
1166 713 1247 737 non
1261 704 1699 758 contemnenda,impin-

103 765 165 804 gat
176 773 190 797 ,·
222 754 435 799 hujusmodi
454 754 675 805 pignoribus
690 755 862 791 animum
878 755 1001 804 pascit,
1019 767 1133 804 eaque
1160 757 1201 792 in
1227 757 1345 801 majus
1371 758 1529 796 ostentat
1556 763 1590 797 &
1606 764 1700 799 cele-

106 811 198 855 brat,
219 809 359 857 reliqua
375 809 434 860 spe
450 809 633 846 sustentat.
692 810 839 857 Magus,
870 821 959 846 cum
979 811 1167 847 nonnulla
1199 809 1305 860 supra
1325 822 1498 850 naturam
1524 813 1608 864 (pro
1632 817 1701 854 suo

102 866 285 909 nimirum
306 863 431 915 captu)
449 863 594 912 prorsus
610 860 707 900 effici
723 864 865 901 videat:
896 865 1091 915 postquam
1100 866 1178 900 vim
1193 864 1307 902 semel
1324 878 1476 904 naturae
1496 869 1628 907 factam
1645 874 1699 909 in<

103 918 249 968 telligit,
271 917 533 968 imaginationi
549 920 621 955 alas
638 918 740 954 addit
751 935 764 960 ‚-
795 930 949 969 remque
964 921 1082 968 magis
1107 921 1144 955 ὃς
1172 921 1299 956 minus
1318 923 1480 971 recipere
1495 923 1551 960 vix
1566 937 1670 975 putat
1687 941 1699 967 ;

101 986 214 1024 quare
234 973 482 1010 maximarum
499 985 622 1010 rerum
641 971 706 1009 fibi
723 972 961 1024 adeptionem
991 974 1162 1025 spondet,
1188 986 1269 1010 non
1286 974 1412 1013 videns
1442 977 1511 1014 effe
1538 979 1697 1025 subiecta

101 1031 194 1065 certi
206 1027 395 1071 cujusdam
413 1031 448 1064 δε
463 1029 538 1065 fere
554 1025 696 1064 definiti
712 1030 868 1076 generis,
884 1030 924 1065 in
934 1030 1067 1078 quibus
1082 1029 1203 1077 magia
1219 1031 1254 1065 ὃ(
1270 1028 1473 1079 superstitio
1485 1045 1551 1082 per
1562 1046 1697 1073 omnes

101 1085 275 1131 nationes
291 1086 473 1120 &aetates
493 1084 658 1131 potuerit
688 1084 724 1118 ὅ(
748 1082 886 1119 luserit.
943 1084 1186 1120 Mechanicus
1209 1094 1348 1130 autem,
1389 1083 1415 1122 fi
1435 1087 1469 1122 ei
1497 1087 1696 1139 contigerit

100 1139 176 1183 jam
188 1136 330 1188 pridem
345 1136 496 1174 inventa
512 1135 677 1174 subtilius
692 1135 822 1185 polire,
838 1138 896 1175 vel
912 1149 1046 1173 ornate
1062 1136 1284 1187 elegantiuss
1306 1148 1380 1185 aur,
1395 1152 1488 1190 quae
1500 1142 1695 1193 separatim

99 1192 360 1238 observaverit,
391 1204 623 1243 componere
653 1194 688 1227 δ(
716 1189 823 1229 fimul
852 1191 1144 1241 repraesentare:
1181 1202 1244 1228 aut
1272 1204 1329 1229 res
1357 1205 1445 1231 cum
1477 1196 1542 1233 usu
1567 1210 1694 1237 rerum

99 1246 339 1284 commodius
355 1248 391 1283 ὅ(
413 1245 551 1283 felicius
566 1247 742 1294 copulare
760 1259 767 1282 z
796 1256 860 1282 aut
880 1259 974 1296 opus
989 1248 1149 1293 majore,
1173 1255 1235 1283 aut
1259 1248 1372 1284 etiam
1397 1250 1560 1298 minore,
1581 1264 1696 1300 quam

99 1301 179 1339 fieri
193 1302 397 1347 consuevit,
414 1302 518 1338 mole
534 1303 570 1338 ὃς
585 1301 781 1338 volumine
797 1301 979 1348 exhibere,
992 1300 1028 1338 se
1043 1302 1211 1347 demum,
1226 1300 1323 1339 inter
1338 1314 1463 1342 rerum
1480 1307 1694 1345 inventores

97 1368 283 1395 numerat.
341 1357 466 1407 Itaque
480 1354 598 1394 visum
613 1356 662 1393 cst
676 1356 722 1401 ei,
743 1355 919 1393 homines
944 1367 1069 1393 rerum
1091 1358 1128 1393 ὅ(
1143 1355 1279 1393 artium
1307 1367 1491 1396 novarum
1511 1359 1695 1400 inventio-

98 1423 200 1460 nem,
221 1423 263 1450 ut
278 1421 457 1449 conatum
474 1412 627 1448 inanem
648 1413 685 1448 ὅ(
705 1409 922 1460 suspectum,
938 1409 1115 1451 fastidire3
1145 1412 1204 1449 vel
1219 1411 1380 1459 credere,
1395 1414 1525 1452 exstare
1540 1417 1696 1464 quidem

100 1468 253 1505 inventa
267 1465 417 1512 nobilia,
450 1467 509 1503 sed
536 1465 631 1502 inter
645 1477 781 1515 paucos
808 1465 959 1502 summo
973 1464 1122 1502 silentio
1155 1468 1191 1503 ὃ(
1211 1466 1392 1515 religione
1412 1469 1572 1519 quadam
1594 1472 1696 1510 cohi-

98 1522 204 1560 beri:
232 1524 291 1560 vel
307 1523 377 1559 huc
392 1521 626 1567 descendere,
662 1531 702 1558 ut
721 1519 885 1557 minores
902 1519 979 1557 istas
1004 1519 1196 1556 industrias
1225 1522 1262 1556 &
1285 1519 1530 1561 inventorum
1559 1525 1694 1564 addita-

97 1588 227 1615 menta
242 1589 313 1627 pro
333 1576 439 1614 novis
454 1576 614 1614 inventis
629 1574 830 1613 aestiment,
886 1576 992 1626 Quae
1007 1575 1137 1611 omnia
1153 1587 1201 1611 eo
1215 1575 1384 1622 redeunt,
1406 1587 1448 1614 ut
1463 1580 1611 1617 animos
1625 1581 1693 1618 ho-

96 1631 247 1670 minum
262 1645 282 1670 a
297 1634 470 1681 legitimo
487 1635 523 1669 ὃ(
538 1631 721 1668 constanti
731 1630 870 1677 labore,
890 1632 927 1667 δε
942 1641 962 1667 a
978 1628 1168 1668 nobilibus
1184 1632 1220 1667 δε
1234 1641 1370 1680 genere
1386 1631 1556 1671 humano
1569 1634 1692 1686 dignis

97 1685 339 1730 inventorum
355 1686 471 1736 pensis
487 1697 663 1725 avertant.

156 1743 190 1780 C
201 1756 227 1781 o
238 1755 287 1781 Gl
300 1755 383 1780 TAv
394 1754 407 1779 Ι
419 1755 442 1780 r
459 1743 598 1779 &illud
609 1760 622 1785 ,-
640 1741 812 1780 homines
831 1754 918 1781 cum
935 1755 1094 1794 operum
1108 1741 1322 1781 varietatem
1344 1745 1381 1781 ὃς
1395 1744 1693 1796 pulcherrimum

98 1809 325 1847 apparatum,
355 1810 448 1846 quae
468 1810 532 1849 per
560 1808 654 1835 artes
673 1798 906 1836 mechanicas
939 1800 983 1836 ad
1008 1801 1152 1836 cultum
1172 1799 1379 1836 humanum
1399 1801 1571 1849 congesta
1593 1801 1690 1849 sunt,

98 1854 217 1890 oculis
233 1853 441 1899 subjiciunt,
458 1865 505 1889 eo
521 1854 713 1900 inclinare,
743 1863 784 1890 ut
796 1853 919 1904 potius
946 1854 991 1891 ad
1025 1855 1241 1905 opulentiae
1267 1853 1453 1891 humanae
1481 1856 1692 1894 admiratio-

98 1920 201 1954 nem,
218 1919 328 1959 quam
344 1908 388 1944 ad
404 1907 551 1959 inopiae
571 1907 718 1944 sensum
733 1909 931 1949 accedant3
968 1909 1126 1946 minime
1145 1908 1322 1955 videntes,
1346 1908 1546 1959 primitivas
1566 1910 1692 1949 homi-

96 1961 153 2000 nis
171 1962 445 1999 observationes
461 1965 496 1999 ὅ(
512 1972 664 2000 naturae
680 1962 924 2012 operationes,
941 1976 1034 2012 quae
1050 1964 1194 2000 animae
1213 1974 1275 2000 aut
1295 1965 1408 2012 primi
1430 1975 1556 2002 motus
1571 1966 1690 2013 instar,

96 2018 143 2054 nd
166 2030 324 2054 omnem
352 2019 456 2054 illam
471 2016 685 2054 varietatem
704 2016 786 2064 sint,
816 2030 886 2055 nec
912 2019 1047 2056 multas
1077 2030 1145 2055 nee
1169 2020 1242 2055 alte
1265 2017 1394 2067 petitas
1417 2019 1510 2055 effe:
1549 2031 1690 2058 caetera

95 2073 143 2109 ad
165 2071 382 2122 patientiam
406 2070 608 2109 hominum
638 2075 674 2110 &
702 2073 879 2110 subtilem
915 2075 951 2110 δε
983 2073 1200 2110 ordinatum
1230 2085 1361 2109 manus
1384 2075 1442 2110 vel
1471 2074 1691 2113 instrumen-

97 2138 226 2165 torum
260 2138 410 2164 motum
444 2128 653 2177 pertinere:
700 2137 809 2179 atque
842 2126 880 2165 in
913 2129 979 2165 hac
1005 2139 1105 2176 parte
1134 2125 1324 2165 officinam
1356 2139 1441 2164 cum
1467 2127 1691 2168 bibliotheca

95 2184 191 2219 mire
217 2194 437 2231 congruere,
461 2194 552 2233 quae
575 2184 611 2218 &
634 2181 707 2233 ipsa
729 2193 872 2220 tantam
895 2181 1076 2219 librorum
1102 2182 1316 2220 varietatem
1341 2182 1511 2228 ostentet,
1542 2183 1580 2220 in
1611 2184 1689 2232 qui—

98 2238 163 2274 bus
186 2235 210 2274 si
241 2235 455 2286 diligentius
478 2235 717 2287 introspicias‚
746 2236 799 2274 nil
827 2236 925 2273 aliud
950 2249 1062 2285 quam
1091 2237 1251 2281 ejusdem
1282 2239 1334 2274 rei
1369 2237 1689 2287 infinitasrepeti·

96 2290 219 2329 tiones
238 2291 403 2341 reperias,
433 2290 611 2328 traaandi
632 2292 755 2328 modis
776 2293 812 2328 <Se
834 2292 1007 2328 struEtura
1029 2292 1188 2341 quadam
1210 2304 1335 2336 novas,
1353 2290 1572 2328 inventione
1587 2305 1687 2343 prae-

96 2357 301 2398 occupatas.
356 2348 483 2395 Itaque
503 2345 623 2384 visum
648 2345 696 2382 est
711 2345 755 2392 ci,
777 2345 999 2396 opinionem
1015 2347 1145 2393 copiae
1160 2344 1257 2382 inter
1271 2345 1391 2382 causas
1406 2344 1556 2393 inopiae
1570 2347 1662 2396 poni
1677 2364 1686 2385 :

97 2404 134 2439 δε
162 2411 245 2438 tum
274 2413 396 2451 opera,
431 2412 514 2439 tum
545 2399 730 2438 doctrinas
757 2401 803 2438 ad
833 2402 1015 2437 intuitum
1058 2398 1266 2446 numerosa,
1311 2400 1357 2437 ad
1385 2412 1539 2437 examen
1574 2413 1689 2452 pauca

96 2456 176 2494 csse.

153 2512 187 2548 C
199 2523 262 2548 oo
274 2523 404 2548 ITAVI
416 2522 440 2546 T
459 2513 496 2548 δε
509 2510 623 2552 illud3
651 2523 710 2548 cas
726 2522 815 2559 quas
838 2510 1015 2547 habemus
1043 2509 1228 2546 doen-inas
1243 2521 1284 2546 ea
1299 2510 1506 2547 ambitione
1525 2509 1563 2545 &
1577 2510 1685 2549 affec<-

96 2569 239 2604 tatione
268 2564 442 2616 proponi,
471 2576 581 2613 atque
609 2565 647 2602 in
676 2578 763 2603 cum
786 2566 947 2602 modum
973 2563 1183 2601 efformatas
1204 2577 1245 2601 ac
1273 2566 1386 2601 veluti
1416 2565 1625 2616 personatas
1645 2569 1685 2604 in

96 2622 337 2670 conspectum
354 2621 492 2666 venire,
517 2632 558 2656 ac
577 2619 602 2657 st
616 2619 778 2670 singulae
801 2630 893 2657 artes
908 2621 1017 2656 omni
1038 2631 1079 2655 cx
1098 2630 1200 2668 parte
1230 2619 1410 2668 perfeetac
1431 2620 1555 2666 ess'ent,
1583 2623 1620 2657 ὅ(
1639 2622 1684 2658 ad

95 2678 235 2715 exitum
266 2675 470 2726 perduciac.
535 2675 760 2721 Hujusmodi
785 2676 888 2711 enim
919 2673 1119 2720 methodis,
1144 2675 1180 2710 ὅ(
1214 2672 1254 2710 iis
1285 2673 1546 2723 partitionibus
1574 2676 1681 2721 tradi,

94 2744 187 2782 quae
207 2730 335 2768 onmia
349 2729 509 2781 prorius,
534 2729 683 2777 quaein
711 2728 804 2766 illud
832 2729 1034 2773 subjectum
1062 2729 1192 2765 cadere
1218 2729 1377 2777 possunt,
1407 2729 1555 2766 trattata
1575 2742 1678 2766 com-

93 2787 202 2834 plesti
219 2788 254 2822 ἃ
274 2785 500 2822 concludere
523 2783 723 2821 videantur.
780 2784 908 2834 Atque
938 2784 1024 2819 licet
1050 2783 1217 2819 membra
1242 2785 1305 2820 illa
1327 2785 1426 2820 male
1451 2786 1615 2835 impleta,
1646 2787 1682 2820 ἃ

94 2842 197 2891 quod
225 2841 269 2877 ad
297 2838 460 2877 vividum
475 2840 638 2886 aliquem
666 2850 792 2876 rerum
823 2838 973 2875 succum
1002 2837 1146 2883 attinet,
1173 2837 1341 2875 destituta
1363 2836 1457 2875 fint:
1494 2840 1608 2875 totius
1631 2848 1680 2874 ta-

97 2908 184 2932 men
206 2896 393 2940 cujusdam
423 2894 588 2931 formam
621 2896 657 2931 ὃς
690 2892 874 2930 rati0nem
908 2904 994 2943 prae
1018 2892 1052 2928 se
1080 2892 1187 2938 ferre,
1212 2905 1330 2943 eoque
1351 2905 1430 2930 rem
1456 2893 1618 2942 perduci,
1640 2903 1682 2929 ut

96 2962 209 3000 pauca
242 2950 434 2998 quaedam,
472 2960 592 2999 neque
625 2949 687 2985 illa
711 2960 753 2984 ex
788 2946 936 2998 optimo
966 2947 1122 2993 delec'iu,
1151 2958 1292 2998 recepta
1320 2948 1520 2984 authorum
1550 2945 1680 2994 scripta

95 3016 165 3053 pro
180 3003 331 3053 integris
351 3002 430 3052 ipsis
446 3006 482 3040 ὃ(
497 3002 652 3054 propriis
667 3002 804 3039 artibus
819 3002 1035 3039 habeantur.
1095 3002 1198 3038 Cum
1233 3013 1360 3039 tamen
1381 3002 1492 3052 primi
1522 3002 1557 3036 ὃς
1587 3002 1678 3037 anti-

96 3054 262 3106 quiffimi
288 3057 447 3096 veritatis
476 3056 720 3105 inquisitores,
755 3055 912 3093 meliore
936 3056 1007 3093 fide
1031 3068 1071 3093 ac
1100 3066 1247 3103 eventu,
1277 3056 1478 3100 scientiam,
1500 3066 1613 3101 quam
1634 3067 1676 3091 cx

96 3125 222 3150 rerum
238 3111 557 3160 contemplatione
570 3113 777 3162 decerpere,
802 3109 891 3148 &in
907 3109 1014 3147 usum
1034 3112 1197 3148 condere
1224 3112 1436 3153 statuebant,
1467 3107 1504 3144 in
1520 3109 1676 3160 aphoris-

95 3179 179 3204 mos
200 3166 358 3213 fortass'e,
387 3165 457 3205 five
478 3168 602 3206 breves
626 3166 843 3216 caldemque
870 3164 1008 3217 sparsas
1036 3179 1105 3203 nce
1126 3166 1311 3203 methodis
1339 3162 1512 3200 revinctas
1533 3163 1676 3200 sentcn-

149 3223 266 3259 VoL.
297 3222 338 3257 ΙΙ.
868 3221 918 3257 Ll
953 3230 970 3255 2
1612 3218 1680 3252 tia&

1779 279 1873 339 267
