1973 3570
155 211 231 257 IN
279 210 606 257 FELICEM
643 205 1060 256 MEMORIAM
1098 210 1619 262 ELIZABETHAE.

210 442 280 499 In
294 440 515 519 filicem
563 439 872 499 memoriam
918 436 1272 495 Elizabethae
1322 437 1571 518 Angliae

755 523 1018 603 Reginae.

195 692 270 734 LI
274 693 361 733 ZA
366 692 598 733 BETHA
619 693 658 730 <Sc
685 706 815 732 natura
842 696 879 731 &
899 692 1052 731 fortuna
1072 690 1249 730 mirabilis
1267 691 1364 731 inter
1387 692 1586 742 foeminas,
1615 708 1692 734 me-

213 752 408 788 morabilis
422 754 520 788 inter
543 749 736 802 principes,
766 748 847 786 fuit.
905 751 1042 799 Neque
1055 748 1145 785 haee
1172 760 1226 785 res
1240 747 1422 786 indicium
1438 749 1615 788 monachi
1631 750 1691 788 ali-

80 807 185 852 cujus
198 816 261 842 aut
287 805 502 851 hujusmodi
525 805 686 842 censoris
713 805 925 842 umbratilis
955 801 1154 841 desiderat:
1184 815 1273 839 narn
1302 802 1355 841 isti
1381 804 1569 853 homines,
1598 803 1693 854 stylo

79 873 191 908 acres
221 860 362 906 judicio
386 860 555 913 impares,
585 863 622 898 ὃς
647 859 755 912 partis
785 859 868 897 suae
896 870 1098 905 memores,
1127 870 1253 895 retum
1281 860 1408 895 minus
1431 859 1556 897 fideles
1586 860 1691 898 testes

80 915 176 954 sunt.
236 915 301 952 Ad
327 915 622 967 principesvitos
637 917 799 967 pertinet
814 914 903 951 haec
917 915 1103 963 cognitio,
1133 923 1245 961 atque
1265 914 1308 950 ad
1331 926 1409 961 eos,
1439 916 1502 962 qui
1519 914 1693 967 imperio-

85 983 171 1009 rum
184 971 436 1020 gubernacula
450 971 651 1009 tractarunt
672 973 709 1007 ὅ(
738 981 865 1007 rerum
883 967 1052 1006 civilium
1068 968 1181 1005 ardna
1203 970 1239 1004 ὅ(
1260 980 1390 1006 areana
1411 980 1562 1007 norunt.
1620 971 1692 1009 Ra-

80 1038 166 1063 rum
185 1025 225 1063 in
239 1027 350 1062 omni
369 1024 418 1063 est
433 1025 615 1063 memoria
628 1026 813 1062 muliebre
830 1023 1051 1075 imperium3
1082 1025 1208 1060 ratior
1224 1024 1262 1059 in
1287 1031 1334 1060 eo
1360 1022 1532 1066 felicita33
1561 1021 1692 1063 rarissi-

79 1093 144 1118 ma
155 1093 244 1119 cum
259 1080 435 1120 felicitate
454 1080 689 1119 diuturnitas.
747 1081 813 1116 llla
835 1090 927 1117 vero
952 1076 1273 1129 quadragesimum
1297 1090 1472 1126 quartum
1502 1082 1607 1130 regni
1638 1080 1692 1118 sui

78 1147 222 1173 annum
245 1137 478 1187 complevit3
506 1148 629 1184 neque
647 1146 777 1172 tamen
798 1133 965 1172 felicitati
995 1132 1076 1169 suae
1098 1133 1268 1181 superstes
1293 1132 1373 1170 fuit.
1431 1135 1490 1171 De
1519 1136 1586 1172 liae
1614 1134 1693 1172 feli-

78 1192 190 1228 citate
204 1202 318 1239 pauca
331 1192 455 1228 dicere
471 1190 621 1236 institui,
650 1202 774 1239 neque
802 1192 842 1227 in
866 1188 989 1226 laudes
1018 1199 1233 1225 excurrere:
1262 1188 1430 1225 Laudem
1446 1188 1549 1226 enim
1569 1188 1691 1226 homi-

80 1257 146 1283 nes
160 1244 342 1291 tribuunt‚
371 1244 590 1283 felicitatem
609 1245 724 1282 Deus.

132 1301 195 1338 PR
207 1310 347 1337 IMUM
367 1298 405 1337 in
426 1310 530 1351 parte
554 1299 738 1337 felicitatis
756 1311 874 1351 pono,
903 1297 1008 1349 quod
1025 1297 1069 1334 ad
1085 1295 1370 1346 imperatorium
1388 1297 1571 1348 fastigium
1587 1312 1608 1337 a
1621 1297 1692 1350 priss

78 1365 160 1394 vata
169 1354 322 1392 fortuna
337 1355 460 1393 cvecta
475 1353 528 1392 fit.
586 1353 781 1403 Siquidem
804 1353 879 1390 hoc
909 1352 949 1390 in
964 1353 1132 1389 moribus
1161 1354 1199 1389 ὅ(
1223 1351 1466 1402 opinionibus
1487 1353 1694 1392 hominum

79 1411 228 1460 penitus
247 1408 391 1456 insedit,
424 1419 466 1447 ut
481 1422 574 1459 quae
597 1420 742 1461 praeter
766 1409 870 1460 spem
893 1410 930 1445 ὅ(
946 1406 1241 1457 expectationem
1257 1405 1446 1455 eveniunt,
1476 1409 1612 1454 majori
1640 1409 1692 1447 fe-

76 1464 209 1502 licitati
223 1466 462 1516 deputentur.
519 1465 591 1502 Sed
625 1477 706 1502 non
735 1464 809 1501 hoc
836 1463 885 1500 est
912 1464 1015 1514 quod
1031 1463 1143 1502 volo;
1173 1463 1265 1499 illud
1298 1461 1462 1510 intueor,
1491 1464 1692 1514 principes,

78 1519 143 1571 qui
158 1522 198 1557 in
212 1520 334 1557 domo
355 1522 575 1569 regnafflce,
610 1523 645 1557 &
663 1520 709 1556 ad
724 1519 826 1570 spem
843 1514 1077 1555 succesfionis
1095 1529 1176 1554 non
1192 1517 1347 1554 dubiam
1372 1516 1505 1555 nutriti
1520 1517 1616 1566 sunt,
1644 1515 1696 1557 ab>

79 1573 311 1613 educationis
336 1573 571 1624 indulgentia
591 1577 628 1612 &
657 1573 806 1612 licentia
831 1573 1060 1622 depravatos,
1089 1573 1311 1624 plerumque
1335 1573 1373 1609 &
1394 1571 1520 1611 minus
1543 1585 1692 1624 capaces

79 1632 259 1668 &minus
273 1630 502 1676 moderatos,
529 1630 692 1667 evadere.
752 1632 881 1677 Itaque
905 1630 1074 1677 optimos
1105 1630 1142 1664 &
1160 1624 1487 1665 excellentissimos
1513 1639 1616 1678 reges
1635 1641 1691 1666 re-

78 1687 209 1739 perias,
237 1697 333 1734 quos
349 1694 505 1733 utraque
520 1685 676 1722 fortuna
690 1684 847 1722 erudiit:
877 1684 959 1720 talis
979 1682 1076 1732 apud
1099 1689 1170 1720 nos
1198 1682 1268 1720 fuit
1284 1679 1485 1720 Henricus
1501 1682 1689 1734 septimus,

79 1739 226 1792 &apud
238 1737 374 1778 Gallos
390 1737 620 1777 Ludo-vicus
632 1738 895 1779 duodecimus3
923 1740 987 1789 qui
1011 1738 1152 1775 recenti
1179 1736 1361 1774 memoria
1391 1740 1427 1775 ὅ(
1448 1738 1585 1774 eodem
1612 1739 1691 1777 fere

79 1805 266 1845 tempore,
295 1807 375 1832 non
400 1805 551 1832 tantum
579 1807 598 1832 a
630 1798 781 1847 privata,
811 1794 872 1831 sed
903 1793 1015 1830 etiam
1043 1793 1089 1829 ab
1109 1792 1258 1830 adversa
1287 1795 1496 1830 &exercita
1525 1793 1691 1841 fortuna,

79 1862 241 1900 regnum
265 1862 447 1898 accepere,
478 1861 589 1898 atq-„ie
620 1850 699 1901 (ille
721 1850 931 1899 prudentia,
961 1848 1022 1885 hic
1045 1845 1196 1895 justitia)
1226 1847 1397 1885 floruere.
1457 1848 1596 1885 Similis
1619 1849 1692 1887 fuit

79 1909 117 1943 δ(
144 1904 293 1950 hujusce
318 1904 493 1956 principis
513 1904 632 1946 rati03
661 1906 766 1950 cujus
789 1903 893 1942 initia
917 1906 953 1941 &
976 1902 1054 1955 spes
1082 1900 1229 1940 variavit
1257 1902 1424 1950 fortuna,
1452 1913 1495 1939 ut
1522 1904 1564 1940 in
1591 1906 1692 1956 prinn

79 1960 202 2010 cipatu
221 1960 267 1996 ad
283 1970 492 1997 extremum
509 1973 594 2010 erga
616 1959 720 1997 illam
734 1960 904 1996 constans
933 1961 970 1996 δε
999 1955 1200 2007 aequabilis
1228 1957 1325 1994 efl'et.
1382 1960 1488 1996 Nam
1502 1955 1691 1997 Elizabe-

81 2014 154 2053 tha
173 2014 354 2052 natalibus
375 2014 447 2051 suis
471 2012 689 2053 successioni
717 2015 905 2060 destinata,
934 2012 1071 2050 deinde
1096 2012 1347 2060 exhaeredata,
1384 2023 1468 2050 tum
1489 2013 1694 2064 posthabita

80 2071 179 2112 fuit5
208 2070 338 2107 eadem
354 2082 473 2118 regno
485 2071 618 2117 fratris,
648 2071 802 2108 fortuna
812 2071 930 2119 magis
939 2067 1098 2118 propitia
1113 2070 1149 2105 ὃ(
1162 2066 1300 2115 serena,
1328 2080 1450 2118 regno
1463 2067 1601 2105 sororis
1616 2081 1692 2108 ma*

80 2128 136 2175 gis
151 2124 297 2164 turbida
314 2127 348 2161 &
370 2124 520 2174 ancipiti
545 2124 605 2162 usa
621 2124 680 2162 est.
738 2127 876 2173 Neque
898 2134 1028 2161 tamen
1054 2134 1101 2160 ex
1128 2123 1288 2161 vinculis
1314 2121 1438 2160 subito
1464 2124 1505 2159 in
1531 2135 1693 2172 regnum.

80 2181 259 2233 assumpta
278 2181 337 2227 est,
367 2190 408 2217 ut
425 2181 470 2217 ab
484 2179 699 2218 infortunio
714 2180 923 2218 exacerbata
944 2178 1237 2218 intumesceret;
1267 2176 1329 2215 sed
1351 2178 1514 2216 libertati
1525 2177 1693 2216 restituta

82 2238 121 2274 δ(
144 2237 398 2288 expectatione
422 2236 536 2281 auita,
573 2246 657 2272 tum
680 2236 836 2273 demum
864 2246 1026 2284 regnum
1054 2231 1130 2270 {ine
1146 2233 1316 2269 tumultu
1349 2242 1413 2270 aut
1437 2234 1694 2285 competitore

82 2292 227 2342 placide
256 2292 292 2327 ὃ(
316 2287 525 2327 felicissime
553 2289 729 2328 obtinuit.
787 2289 918 2337 Atque
947 2289 1037 2326 haec
1064 2287 1151 2324 ideo
1172 2287 1405 2334 adducimus,
1444 2298 1486 2325 ut
1511 2298 1693 2340 appareat,

82 2345 249 2384 divinam
269 2344 541 2395 providentiam
557 2348 745 2397 optimam
763 2345 974 2396 principem
1002 2343 1237 2382 meditatam,
1258 2353 1323 2392 pet
1349 2340 1553 2381 istiusmodi
1589 2342 1692 2381 disci-.

83 2399 208 2453 plinae
223 2401 357 2450 gradus
386 2412 469 2437 eam
498 2401 720 2450 praeparasse
745 2402 782 2438 &
810 2397 985 2436 extuliffe.
1042 2399 1178 2449 Neque
1202 2395 1288 2432 sane
1316 2396 1496 2435 natalium
1518 2394 1694 2448 dignitati

82 2455 269 2493 calamitas
285 2456 412 2492 matris
434 2455 558 2493 obesse
585 2456 724 2497 debet3
752 2467 843 2493 cum
867 2452 1084 2506 praesertim
1102 2452 1187 2489 satis
1197 2450 1351 2499 constet,
1369 2449 1691 2491 Henricumoeta-

84 2523 175 2548 vum
203 2513 306 2562 prius
333 2512 454 2547 amori
479 2523 584 2549 novo
606 2523 720 2560 quam
739 2512 815 2548 itae
830 2508 996 2547 adversus
1011 2507 1172 2547 Annam
1189 2504 1396 2549 indulsisse3
1424 2508 1574 2558 eiusque
1596 2509 1693 2558 regis

84 2576 216 2604 natura
231 2568 268 2604 ὅς
289 2565 336 2603 ad
363 2577 511 2603 amores
531 2568 568 2603 ὃς
590 2567 635 2603 ad
666 2564 890 2618 suspiciones
912 2558 1207 2614 propenfiffima,
1236 2563 1274 2598 ὃ(
1295 2560 1335 2599 in
1350 2561 1484 2600 iisdem
1507 2562 1622 2614 usque
1645 2560 1695 2601 ad)

83 2621 306 2671 sanguinem
325 2632 508 2672 praeceps,
541 2621 760 2670 posteritatis
775 2631 909 2658 notam
929 2630 1011 2656 non
1026 2617 1192 2668 effugiat.
1251 2618 1376 2665 Adde,
1404 2617 1507 2670 quod
1521 2617 1691 2657 crimina-

83 2678 203 2722 tione,
232 2677 291 2713 vel
307 2675 483 2728 personae
505 2674 624 2727 ipfius,
651 2677 698 2714 ad
711 2687 825 2728 quem
839 2674 1078 2722 referebatur,
1105 2673 1277 2720 nomine,
1300 2672 1426 2710 minus
1447 2672 1633 2724 probabili
1653 2676 1692 2712 &

85 2727 309 2770 tenuissimis
324 2731 548 2776 conjecturis
566 2730 703 2779 innixa,
730 2733 985 2769 circumventa
1011 2738 1089 2766 etat
1102 2742 1116 2770 3
1143 2730 1248 2778 quod
1269 2730 1306 2766 ὅ(
1323 2728 1435 2776 fama,
1459 2728 1572 2766 etiam
1594 2738 1690 2774 tum,

85 2788 242 2826 occulto
255 2797 296 2825 ut
313 2786 405 2824 solet
416 2798 611 2823 murmure
626 2785 778 2839 excepit,
808 2788 845 2823 ὃ(
859 2782 982 2823 Anna
1004 2783 1091 2834 ipsa,
1118 2784 1218 2822 celso
1238 2782 1368 2822 animo
1396 2779 1689 2820 &memorabili

85 2854 192 2888 voce,
227 2841 293 2879 sub
308 2852 456 2890 tempus
479 2843 613 2878 mortis
628 2840 711 2879 suae
725 2839 921 2893 protestata
943 2839 1010 2877 est:
1041 2839 1160 2877 Nacta
1182 2841 1287 2878 enim
1300 2839 1486 2877 nuncium
1509 2837 1563 2884 (ut
1576 2833 1687 2874 existi-

87 2895 226 2946 mabat)
256 2897 374 2934 fidum
396 2898 433 2933 ὅ(
449 2897 689 2942 benevolum,
717 2896 850 2933 eadem
876 2895 982 2941 hora,
1008 2907 1081 2946 qua
1101 2894 1148 2931 ad
1170 2904 1337 2933 mortem
1366 2893 1402 2932 se
1434 2893 1593 2946 parabat,
1622 2889 1688 2931 hu-

87 2950 250 2998 jusmodi
263 2951 438 2990 mandata
453 2951 497 2988 ad
513 2964 640 3001 regem
655 2951 874 3001 perferenda
888 2950 991 2987 dedit
1008 2963 1018 2991 3
1056 2961 1184 2999 regem
1204 2951 1244 2988 in
1267 2949 1341 3003 ipsa
1356 2951 1465 2987 novis
1478 2946 1690 2992 honoribus
1741 2951 1744 2954 '

87 3007 313 3044 cumulanda
346 3006 557 3044 institutum
581 3006 690 3044 suum
714 3004 857 3055 optime
885 3005 1025 3043 servare
1051 3007 1089 3042 &
1109 3014 1289 3056 perpetuo
1316 3002 1435 3043 tueri3
1465 3012 1553 3038 cum
1581 3000 1687 3038 illam
1713 3020 1715 3022 ·

89 3060 254 3113 primum
267 3060 443 3112 generosa
457 3060 563 3115 stirpe
578 3072 715 3111 ortam,
743 3061 806 3100 sed
821 3058 1026 3102 nobilitatis
1036 3058 1152 3100 titulis
1167 3072 1248 3101 non
1258 3056 1482 3110 infignitam,
1504 3054 1690 3147 dffinitag?

1577 3121 1638 3148 arc
1677 3129 1690 3136 ⁹

1784 219 1882 277 389
