1973 3570
331 250 434 295 DE
485 247 908 295 SECTIONE
961 244 1452 297 CORPORUM.

82 354 148 384 nes
169 344 273 395 quod
295 345 556 394 pronuntient,
585 356 667 381 non
687 344 790 392 quod
803 343 980 385 sentiant3
1011 347 1048 382 ὅ(
1067 345 1204 382 docete
1223 345 1425 394 quomodo
1445 348 1576 394 aliquis
1591 346 1688 387 affir—

83 403 226 439 mando
248 410 310 437 aut
331 399 508 448 negando
530 399 564 435 se
587 399 769 448 expedire,
806 410 888 436 non
911 401 1117 449 cogitando
1138 401 1173 437 se
1193 403 1387 450 explicare,
1417 403 1453 438 &
1473 400 1537 438 sibi
1558 403 1691 442 satissa-

81 469 164 494 ccre
191 451 317 506 possit.
373 455 580 504 Aliipaulo
605 455 795 500 attentius,
825 465 975 503 arrepto
995 456 1064 492 illo
1087 455 1221 504 posito,
1261 457 1340 494 duo
1364 468 1523 507 corpora
1550 458 1589 494 in
1614 472 1692 498 uno

80 513 172 549 loco
197 511 266 548 css'e
287 521 368 546 non
389 509 500 558 poss'c,
530 508 660 547 restare
686 511 803 554 aiunt,
834 520 875 547 ut
897 510 1002 558 quod
1022 510 1157 548 fortius
1176 510 1217 548 fit
1240 512 1421 563 impellat,
1450 512 1610 549 debilius
1633 527 1690 551 ee-

79 567 155 614 dat,
182 578 267 604 eam
290 560 497 602 ceffionem
523 562 594 602 sive
616 564 756 613 fugam,
785 562 811 601 fi
832 566 962 602 minor
986 565 1204 604 adhibeatur
1227 568 1293 613 vis,
1323 570 1404 604 non
1429 568 1525 604 ultra
1545 568 1689 616 durare,

79 634 193 671 quam
208 623 329 672 prima
350 617 524 668 impulfio
537 620 796 664 continuetur,
826 630 866 656 ut
882 621 922 657 in
942 619 1198 669 protrusioncs
1229 620 1253 657 fi
1268 631 1395 659 autem
1411 623 1544 669 major,
1573 626 1690 662 ctiam

79 686 234 715 remoto
253 687 413 724 corpore
435 675 667 726 impellente,
695 674 741 711 ad
766 684 914 724 tempus
928 677 1065 725 vigere,
1094 676 1218 713 donec
1238 675 1369 713 sensim
1390 679 1617 725 remittatur,
1648 691 1689 717 ut

79 733 121 770 in
131 732 237 781 jaan.
283 731 415 779 Atque
437 730 476 766 hi
501 729 636 775 rursus,
666 731 742 766 alio
766 730 930 776 ejusdem
958 731 1106 768 scholae
1128 744 1239 768 more
1264 734 1488 780 inveterato,
1526 735 1688 785 primor-

78 787 140 824 dia
167 788 221 824 rei
240 795 400 835 captant,
437 785 483 821 de
503 785 671 834 processu
694 788 732 822 ὃς
751 787 852 822 exitu
877 797 958 823 non
977 785 1129 832 soliciti,
1167 797 1347 836 tanquam
1373 789 1491 837 prima
1516 801 1686 838 quaeque.

77 852 223 880 caetera
238 840 406 880 traham
439 852 519 888 quo
537 839 580 877 fit
599 851 642 877 ut
661 841 861 878 immatura
884 842 1046 889 quadam
1067 841 1298 894 impatientia
1322 845 1688 894 contemplationem

77 897 313 946 abrumpant.
369 897 474 933 Nam
494 894 541 932 ad
566 896 617 942 id,
648 896 752 944 quod
768 908 928 947 corpora
949 896 1014 934 sub
1030 897 1150 949 ipsum
1173 898 1288 936 iCtum
1305 898 1450 945 cedant,
1481 900 1619 947 aliquid
1636 901 1686 937 af-

79 952 231 993 ferunt3
259 950 323 988 sed
343 950 536 1002 postquam
563 963 698 1003 corpus
713 952 910 1003 impellens
935 953 1010 998 jam
1027 963 1219 990 remotum
1243 951 1296 1000 sit,
1326 955 1422 990 adeo
1438 964 1478 991 ut
1494 951 1688 992 ncccffitas

80 1008 148 1045 illa
170 1004 401 1044 confusionis
424 1018 629 1056 corporum
646 1007 718 1050 jam
744 1009 853 1055 plane
880 1007 1077 1053 cessaverit,
1107 1020 1172 1046 cur
1195 1007 1316 1058 postea
1336 1019 1464 1046 motus
1488 1012 1685 1048 continue-

79 1072 154 1109 tur,
183 1062 279 1100 nihil
302 1061 445 1108 dicunt,
474 1073 544 1102 nec
569 1059 671 1112 seipsi
687 1060 770 1098 satis
791 1062 953 1113 capiunt.
1009 1063 1091 1099 Alii
1116 1074 1241 1100 autem
1267 1066 1385 1113 magis
1408 1065 1617 1114 diligenteS,
1648 1067 1685 1103 ἅ

80 1118 120 1155 in
136 1116 380 1165 inquisitione
404 1116 689 1166 perseverantes,
718 1127 805 1153 cum
829 1118 907 1153 vim
928 1118 1018 1153 a'e'ris
1038 1119 1079 1153 in
1093 1120 1214 1155 ventis
1230 1122 1267 1155 ὅ(
1290 1117 1481 1165 similibus,
1511 1132 1605 1168 quae
1625 1122 1685 1158 vel

78 1174 229 1210 arbores
255 1175 293 1209 δε
322 1182 440 1208 turres
460 1171 618 1215 dejicere
645 1167 771 1219 poffit,
808 1171 1162 1219 animadvertiss'ent,
1201 1175 1346 1224 opinati
1373 1173 1457 1210 sunt
1484 1186 1566 1210 eam
1590 1176 1682 1222 vim,

43 1243 45 1245 ·
76 1239 174 1275 quae
205 1225 419 1271 hujusmodi
446 1222 597 1262 missilia
624 1223 703 1274 post
730 1226 893 1277 primam
919 1224 1186 1276 impulsionem
1212 1228 1371 1265 deducat
1398 1231 1435 1265 &
1466 1231 1684 1277 comitetur,

76 1283 154 1320 aeri
175 1282 311 1331 debere
333 1281 499 1327 attribui,
527 1292 629 1332 pone
651 1292 785 1331 corpus
804 1281 908 1329 quod
931 1291 1117 1328 movetur,
1146 1284 1308 1320 collecto
1332 1285 1368 1320 ὅ(
1392 1285 1595 1333 ingruenti,
1626 1296 1688 1322 cu-

76 1338 133 1383 jus
160 1338 307 1388 impetu
332 1347 468 1387 corpus
495 1346 676 1384 tanquam
702 1337 806 1373 navis
829 1337 869 1372 in
896 1338 1045 1385 gurgite
1068 1349 1248 1386 aquarum
1274 1338 1439 1376 vehatur.
1496 1340 1619 1388 Atqui
1648 1339 1687 1377 hi

75 1401 178 1430 certe
197 1403 278 1429 rem
294 1403 376 1427 non
395 1390 582 1437 deserunt,
611 1401 723 1440 atque
743 1393 1111 1441 contemplationem
1132 1393 1178 1430 ad
1198 1396 1341 1432 exitum
1361 1393 1593 1443 perducunt3
1623 1394 1686 1432 sed

76 1457 206 1486 tamen
234 1459 254 1484 a
281 1447 438 1485 veritate
472 1446 654 1484 aberrant.
711 1448 788 1485 Res
815 1456 942 1484 autem
971 1459 1057 1485 vere
1085 1449 1126 1485 in
1159 1448 1260 1488 hunc
1300 1449 1462 1487 modum
1492 1448 1527 1487 se
1555 1449 1681 1487 habet.

75 1503 299 1552 Praecipuus
322 1512 449 1540 motus
472 1500 635 1552 partibus
659 1499 767 1554 ipsius
792 1503 973 1552 corporis,
1003 1503 1108 1552 quod.
1130 1506 1246 1552 volat,
1275 1504 1388 1542 inesse
1410 1504 1577 1543 videtur:
1615 1507 1682 1554 qui

75 1570 165 1595 cum
187 1556 267 1596 visu
282 1557 333 1594 ob
356 1558 516 1594 nimiam
532 1556 777 1595 subtilitatem
800 1570 880 1595 non
896 1560 1132 1608 percipiatur,
1161 1559 1338 1597 homines
1362 1559 1542 1597 nonsatis
1565 1570 1685 1598 atten-

76 1613 220 1659 dentes,
256 1612 319 1649 sed
342 1614 415 1650 levi
441 1612 703 1650 observatione
723 1625 805 1650 rem
830 1613 1128 1651 transmittentes
1151 1616 1252 1653 latet.
1310 1616 1534 1652 Accuratius
1556 1626 1683 1652 autern

75 1668 255 1710 scrutanti
272 1667 470 1716 ‚manifeste
491 1666 644 1715 constat,
681 1672 853 1718 corpora,
883 1681 978 1717 quae
1000 1669 1152 1706 duriora
1175 1669 1272 1716 sunt,
1301 1666 1498 1720 prefl'lonis
1521 1670 1590 1707 effe
1614 1672 1684 1707 im-

75 1716 354 1774 patientissima,
382 1725 420 1760 &
445 1723 613 1769 ejusdem
634 1724 750 1762 veluti
776 1723 923 1761 sensum
943 1720 1198 1762 aeutiss'imum'
1220 1725 1367 1772 habere,
1395 1725 1491 1763 adeo
1505 1735 1546 1763 ut
1567 1737 1682 1774 quam

76 1780 282 1816 minimum
307 1790 328 1815 a
352 1779 511 1816 naturali
536 1776 723 1829 positione
747 1778 898 1831 depulsa
923 1791 1060 1830 magna
1085 1781 1307 1829 pernicitate
1330 1782 1501 1818 nitantur
1526 1791 1568 1818 ut
1594 1781 1685 1817 libe-

76 1843 206 1872 rentur
231 1835 267 1870 &
293 1833 334 1870 in
364 1834 559 1884 pristinum
581 1833 715 1872 statum
741 1835 990 1872 restituantur.
1046 1835 1165 1887 Quod
1193 1846 1235 1873 ut
1261 1836 1335 1882 fiat,
1374 1846 1493 1887 partes
1518 1834 1682 1885 singulae

76 1889 175 1927 faCto
197 1889 387 1940 principio
409 1901 429 1925 a
453 1899 557 1938 parte
580 1889 732 1938 pulsata,
762 1889 798 1926 se
824 1891 988 1928 invicem
1013 1901 1096 1926 non
1123 1890 1223 1928 secus
1250 1904 1292 1928 ac
1314 1893 1369 1929 vis
1394 1901 1557 1938 externa,
1595 1903 1680 1942 pro>

77 1945 247 1990 trudunt,
284 1954 325 1979 ac
347 1945 499 1993 vigent3
539 1946 576 1981 δε
603 1943 643 1981 fit
665 1946 848 1982 continua
871 1947 909 1982 ὅ(
931 1941 1176 1982 intensissima
1203 1946 1305 1992 (licet
1328 1948 1490 1983 minime
1514 1944 1681 1995 visibilis)

75 2002 238 2048 partium
261 1999 464 2049 trepidatio
484 1998 521 2036 ὅ(
543 1998 770 2037 commotio.
826 1999 957 2048 Atque
980 2000 1055 2038 hoc
1075 2001 1246 2038 videmus
1265 2001 1345 2039 fieri
1369 2003 1409 2038 in
1437 2002 1610 2053 exemplo
1627 2002 1683 2038 vi-

73 2056 136 2102 tri,
164 2053 336 2101 sacchari,
365 2056 402 2091 &
424 2053 640 2099 hujusmodi
660 2067 786 2092 rerum
806 2055 1010 2104 fragilium,
1039 2068 1134 2104 quae
1156 2055 1181 2092 si
1197 2068 1381 2095 mucrone
1405 2067 1467 2094 aut
1482 2057 1585 2093 ferro
1601 2058 1684 2094 aeu-

73 2121 119 2148 to
145 2109 314 2147 secentur
343 2119 406 2146 aut
433 2108 656 2155 dividantur,
693 2111 866 2159 protinus
892 2112 934 2148 in
958 2112 1039 2148 aliis
1063 2111 1229 2162 partibus
1252 2124 1271 2148 a
1290 2113 1389 2149 taC'nl
1409 2111 1604 2149 mucronis
1629 2123 1682 2147 re-

74 2167 202 2211 motis,
231 2161 331 2212 quasi
359 2165 400 2201 in
428 2164 576 2201 instanti
603 2164 896 2214 disrumpuntur.
953 2167 1072 2219 Quod
1100 2167 1293 2204 evidenter
1321 2166 1549 2204 demonstrat
1579 2177 1684 2202 com-

74 2221 375 2258 municationem
395 2229 525 2256 motus
544 2219 725 2271 prefl'urae
751 2222 792 2257 in
817 2231 937 2270 partes
964 2221 1221 2259 succedentes:
1252 2224 1330 2274 Qui
1350 2233 1477 2258 motus
1503 2232 1590 2257 cum
1615 2232 1682 2270 per

75 2275 207 2313 omnia
225 2273 414 2321 moliatur,
444 2277 481 2312 &
507 2275 647 2322 ubique
672 2285 806 2321 tentet,
836 2287 878 2313 ca
905 2286 1010 2327 parte
1029 2277 1334 2313 confrastionem
1354 2277 1512 2321 inducit,
1543 2288 1615 2323 qua
1636 2288 1681 2312 ex

75 2330 319 2383 praecedente
343 2331 512 2379 corporis
538 2328 781 2382 dispositione
799 2332 926 2367 minus
948 2329 1058 2367 fortis
1086 2340 1162 2367 erat
1186 2331 1412 2380 compaffio.
1471 2332 1608 2378 Neque
1628 2340 1680 2367 ta·

75 2397 166 2425 men
191 2384 266 2434 ipse
289 2394 428 2431 motus,
463 2385 617 2433 quando
641 2397 706 2434 per
731 2383 861 2422 omnia
884 2384 1007 2422 turbat
1033 2387 1071 2422 &
1094 2387 1289 2434 percurrit,
1319 2385 1386 2422 sub
1407 2385 1595 2437 aspestum
1619 2397 1679 2423 ve-

76 2443 147 2487 nit,
175 2440 301 2477 donec
318 2450 443 2489 aperta
461 2440 524 2478 fiat
545 2439 726 2486 effraffio,
756 2438 827 2478 five
845 2441 1109 2478 continuitatis
1130 2440 1281 2478 solutio.
1338 2440 1478 2478 Rursus
1498 2442 1686 2488 videmus,

75 2493 102 2533 fi
123 2496 224 2533 forte
240 2494 354 2539 =filum
377 2494 554 2542 ferreum,
583 2506 645 2533 aut
666 2496 857 2542 bacillum,
885 2507 948 2533 aut
972 2495 1103 2532 durior
1126 2507 1209 2546 pars
1233 2497 1365 2533 calami
1394 2496 1467 2542 (vel
1489 2495 1682 2541 hujusmo-

75 2552 115 2589 di
140 2562 311 2601 corpora,
340 2562 435 2598 quae
457 2549 630 2588 flexibilia
645 2551 800 2599 quidem
825 2550 923 2598 sunt,
952 2563 1032 2588 non
1056 2550 1192 2600 absque
1207 2550 1328 2600 aliqua
1351 2550 1564 2599 renitentia)
1581 2552 1682 2588 inter

73 2602 255 2658 pollicem
282 2608 319 2642 ὅ(
348 2605 512 2641 indicem
540 2617 606 2654 per
635 2616 799 2643 extrema
827 2605 889 2643 sua
916 2615 1119 2644 curventur
1146 2608 1183 2644 δε
1209 2605 1446 2656 stringantur,
1489 2618 1531 2644 ca
1560 2604 1682 2643 statim

75 2659 253 2712 prosilire.
286 2661 406 2705 Cujus
429 2662 554 2697 motus
583 2660 687 2698 causa
707 2660 897 2698 manifeste
922 2660 1214 2710 deprehenditur
1244 2674 1326 2699 non
1350 2661 1420 2699 ess'e
1441 2663 1480 2698 in
1504 2658 1679 2698 extremis

76 2717 248 2768 corporis
269 2716 446 2767 partibuS,
475 2727 570 2763 quae
593 2716 719 2765 digitis
737 2714 976 2766 stringuntur,
1007 2714 1123 2753 sedin
1142 2716 1284 2763 medio,
1314 2717 1418 2766 quod
1434 2718 1512 2753 vim
1527 2719 1679 2766 patitur,

77 2773 123 2810 ad
146 2771 248 2816 cujus
267 2771 538 2808 relevationem
549 2781 677 2807 motus
702 2772 765 2808 ille
785 2770 820 2808 se
844 2771 1003 2820 expedit.
1062 2772 1106 2808 In
1125 2772 1201 2809 hoc
1224 2782 1349 2810 autem
1376 2773 1551 2822 exemplo
1570 2773 1680 2821 plane

77 2829 207 2876 liquet,
237 2824 381 2862 causam
404 2827 510 2862 illam
536 2836 675 2871 motus,
704 2838 818 2874 quam
839 2826 1029 2863 adducunt
1054 2826 1100 2863 de
1124 2825 1349 2876 impulsione
1371 2830 1476 2874 aeris,
1516 2826 1673 2863 excludi.
1712 2834 1715 2835 ’

78 2885 213 2930 Neque
233 2881 337 2918 enim
358 2881 433 2918 ulla
447 2880 487 2917 fit
507 2877 707 2932 percuffiO,
736 2893 830 2929 quac
850 2883 974 2918 aerem
993 2882 1189 2920 immittat.
1245 2883 1376 2931 Atque
1395 2883 1471 2919 hoc'
1491 2884 1604 2918 etiam
1627 2881 1677 2916 le-

76 2939 112 2974 vi
135 2937 205 2973 illo
231 2936 491 2985 experimento
518 2937 714 2981 evincitur,
751 2947 838 2972 cum
864 2937 977 2985 prun'i
1002 2937 1181 2974 nucleum
1206 2945 1395 2975 recentem
1424 2940 1461 2974 δε
1489 2936 1678 2972 lubricum

78 2985 294 3042 premimus,
330 2989 541 3040 digitosque
568 2991 749 3042 paulatim
779 2990 1010 3038 adducimus,
1048 3002 1159 3040 atque
1186 2992 1254 3029 hac
1279 2995 1426 3030 ratione
1457 2989 1676 3027 emittimus.

79 3049 183 3085 Nam
202 3046 240 3081 δε
261 3046 302 3081 in
321 3044 395 3082 hoc
417 3052 569 3094 quoque
585 3047 759 3094 exemplo
781 3042 1010 3094 compreflio
1029 3047 1094 3083 illa
1112 3049 1193 3084 vice
1211 3044 1455 3099 percussionis
1478 3045 1536 3082 est.
1594 3046 1678 3082 Eri-

78 3095 314 3139 dentissimus
336 3109 461 3137 autem
476 3100 626 3146 hujusce
649 3111 776 3138 motus
800 3099 951 3138 effecius
977 3103 1141 3139 cernitur
1155 3104 1196 3139 in
1219 3104 1406 3154 perpetuis
1428 3096 1678 3137 conversioni-

80 3158 146 3194 bus
165 3153 235 3193 five
257 3156 507 3194 rotationibus
526 3166 730 3206 corporum
750 3151 946 3195 miss'llium
965 3156 1057 3195 dum
1078 3158 1219 3196 volant.
1278 3156 1472 3204 Siquidem
1493 3166 1533 3192 ea
1550 3165 1677 3244 prpe&

1614 3218 1683 3244 unt

86 3279 109 3310 2

1731 243 1825 317 §31
