1973 3570
6 349 7 362 l

5 398 7 407 A

317 217 423 260 DE
474 215 994 263 SAPIENTIA
1051 217 1509 269 VETERUM.

114 310 306 361 (tanquam
330 311 576 359 ‘De-mocrito)
609 314 754 351 fortass'e
781 314 935 351 ridicula
965 318 1001 352 ὃς
1037 315 1223 354 deformia
1251 317 1435 365 videntur,
1466 322 1572 358 instar
1600 324 1705 372 satyri

111 369 263 414 alicujus
286 379 347 406 aut
378 370 505 407 Sileni.
563 370 621 406 De
648 367 816 406 ‘Panicis
844 379 968 406 autem
996 372 1200 408 terroribus
1229 372 1510 421 prudentissima
1535 378 1705 417 doctrina

111 425 337 471 proponitur
355 438 362 459 :
391 434 520 461 natura
538 426 639 460 enim
659 437 782 460 rerum
800 425 977 461 omnibus
995 427 1202 463 viventibus
1218 428 1353 464 indidit
1374 440 1531 476 metum,
1560 445 1601 468 ac
1630 434 1703 471 for-

110 479 294 514 midinem
324 480 418 515 vitae
449 490 557 527 atque
582 479 751 515 eisc-ntiae
777 478 858 515 suae
874 479 1193 527 conservatricem,
1222 494 1263 518 ac
1291 484 1386 520 mala
1415 486 1625 533 ingruentia
1653 491 1699 524 vi-

111 542 253 569 tantem
284 536 319 571 &
350 534 620 582 depellentem:
656 543 899 570 veruntamen
929 535 1058 570 eadem
1087 546 1216 573 natura
1244 538 1402 574 modum
1426 550 1553 576 tenere
1582 542 1701 580 nescia

109 586 182 628 est3
210 586 270 624 sed
301 589 501 625 timoribus
529 588 743 624 salutaribus
769 587 909 636 semper
943 601 1058 626 vanos
1088 592 1124 626 ὃς
1157 592 1285 628 inanes
1318 593 1504 638 admiscet,
1541 596 1636 632 adeo
1659 609 1698 635 ut

107 643 238 679 onmia
267 640 308 691 (fi
329 645 427 680 intus
443 642 606 692 conspici
629 642 818 690 darentur)
849 641 1017 680 ‘stamas
1036 644 1238 683 terroribus
1258 644 1467 695 plenissima
1481 647 1572 690 fint3
1601 663 1700 699 prae-

105 695 233 734 sertim
253 697 426 744 humana,
456 710 548 746 quae
579 697 833 748 superstitione
869 698 975 746 (quae
1004 711 1087 735 vere
1114 701 1209 738 nihil
1240 702 1352 748 aliud,
1382 715 1494 751 quam
1524 703 1701 744 ‘Pamcm

104 761 227 788 terror
261 752 323 800 est)
339 755 378 789 in
400 751 626 789 immensum
642 752 838 792 laborant3
868 755 1028 790 maxime
1048 755 1277 806 temporibus
1297 758 1398 794 duris
1427 761 1463 795 δε
1487 760 1640 809 trepidis
1663 765 1700 800 ὃς

105 804 270 843 adversis.
325 808 440 859 Quod
469 820 558 844 vero
581 805 712 844 attinet
740 808 783 844 ad
805 808 994 845 audaciam
1011 806 1153 855 Panis,
1182 813 1218 848 ὅ(
1245 823 1409 861 pugnam
1438 825 1502 862 per
1523 827 1699 864 provoca-

104 863 252 898 tionem
269 874 355 899 cum
372 859 582 913 Cupidz'ne3
613 862 649 899 id
666 874 713 898 eo
730 862 874 911 spectat,
903 862 987 911 quia
1010 867 1165 901 materia
1188 878 1267 902 non
1283 878 1381 904 caret
1399 869 1646 908 inclinatione
1660 874 1697 909 ὅ(

103 917 270 967 appetitu
289 917 333 953 ad
355 916 634 954 dissolutionem
651 918 782 954 mundi
800 920 835 954 &
851 919 1158 956 recidivationem
1182 922 1221 957 in
1235 922 1325 959 illud
1342 920 1467 959 Chaos
1486 926 1696 974 antiquum,

105 969 172 1008 nisi
200 972 405 1020 praevalida
434 985 558 1009 rerum
590 971 790 1009 eoncordia
824 972 901 1020 (per
924 972 1106 1010 Amorem
1134 973 1203 1012 slVC
1228 975 1452 1027 Cupidinem
1482 977 1692 1029 significata)

103 1026 247 1063 malitia
262 1028 297 1063 δ(
313 1028 474 1076 impetus
485 1028 561 1071 ejus
576 1027 812 1064 cohiberetur
828 1030 863 1064 ὃ(
879 1029 917 1064 in
940 1029 1114 1066 ordinem
1130 1033 1418 1079 compelleretur
1435 1047 1442 1068 :
1472 1035 1598 1082 ltaque
1625 1037 1689 1072 bo-

102 1093 157 1117 no
171 1081 379 1119 admodum
395 1081 595 1119 hominum
625 1085 661 1119 &
680 1094 801 1118 rerum
830 1082 908 1119 fato
927 1081 980 1129 sit,
1010 1094 1050 1119 ut
1078 1083 1169 1121 illud
1192 1096 1376 1123 certamen
1393 1086 1486 1124 Pan
1504 1090 1694 1127 adversum

101 1134 312 1187 experiatur,
356 1139 392 1174 ὃς
420 1136 532 1173 vistus
561 1136 737 1173 abscedat.
793 1137 938 1177 Eodem
971 1137 1114 1188 prorsus
1149 1138 1316 1189 pertinet,
1359 1144 1395 1178 ὅ(
1430 1141 1522 1179 illud
1551 1145 1595 1180 de
1626 1142 1695 1189 Ty-

94 1189 219 1242 phone
232 1189 270 1226 in
286 1190 420 1228 retibus
434 1190 646 1242 implicat03
675 1189 758 1241 quia
778 1201 967 1242 utcunque
995 1190 1195 1242 aliquando
1215 1193 1309 1239 vasti,
1339 1197 1374 1232 ὅ(
1399 1196 1537 1233 insoliti
1570 1190 1693 1237 rerum

100 1255 266 1282 tumores
293 1243 361 1282 sint
392 1245 441 1293 (id
469 1246 570 1296 quod
595 1242 749 1297 Typhon
763 1245 894 1293 sonat‚)
924 1245 992 1282 live
1021 1245 1265 1286 intumescant
1292 1249 1415 1297 maria,
1444 1249 1512 1288 five
1535 1250 1693 1291 intume-

99 1299 201 1336 scant
215 1300 341 1347 nubes,
370 1299 438 1337 five
457 1299 674 1337 intumescat
695 1310 795 1346 terra,
828 1298 897 1337 five
911 1300 989 1347 alia,
1019 1310 1145 1338 tamen
1173 1314 1295 1339 rerum
1323 1314 1451 1342 natura
1480 1305 1693 1351 hujusmodi

98 1367 300 1406 corporum
330 1354 575 1406 exuperantias
609 1366 717 1405 atque
746 1354 966 1402 insolentias,
1005 1355 1073 1392 reti
1109 1355 1345 1394 inextricabili
1375 1358 1537 1411 implicat
1561 1364 1597 1398 ὅ(
1632 1375 1693 1399 co-

99 1410 209 1457 ercet,
239 1409 550 1448 &veluticatena
574 1409 808 1447 adamantina
830 1409 998 1447 devincit.
1054 1411 1170 1462 Quod
1192 1422 1318 1449 autem
1346 1412 1513 1451 inventio
1542 1414 1696 1454 Cereris

96 1463 183 1501 huic
198 1464 271 1501 deo
287 1463 506 1511 attribuitur,
536 1463 645 1516 idque
659 1463 753 1502 inter
773 1464 1030 1506 venationem3
1059 1464 1202 1516 reliquis
1224 1466 1289 1504 diis
1304 1478 1468 1516 negatur,
1495 1469 1580 1507 licet
1595 1470 1695 1509 sedu-

99 1520 140 1556 lo
158 1519 424 1570 quaerentibus,
453 1522 488 1556 &
507 1518 598 1557 illud
614 1519 732 1571 ipsum
747 1518 961 1568 agentibus3
991 1519 1182 1557 monitum
1198 1520 1305 1560 habet
1332 1535 1460 1560 verum
1484 1525 1694 1564 admodum

98 1576 136 1611 δε
156 1574 337 1624 prudens;
367 1574 440 1611 hoc
462 1575 521 1621 est,
550 1587 597 1611 ne
612 1587 734 1611 rerum
749 1573 908 1621 utilium,
936 1575 981 1612 ad
1011 1574 1124 1612 vitam
1153 1577 1191 1611 &
1212 1577 1358 1613 cultum
1372 1576 1550 1625 inventio,
1579 1581 1694 1631 qualis

96 1627 168 1666 fuit
181 1627 353 1677 segetem,
383 1643 403 1666 a
418 1628 654 1680 philosophiis
667 1628 853 1675 abstractis,
882 1640 1059 1681 tanquam
1083 1628 1148 1666 diis
1171 1630 1369 1675 majoribus
1395 1635 1621 1684 expectetur3
1651 1635 1692 1673 li-

95 1693 154 1721 cet
169 1682 256 1720 totis
270 1683 402 1721 viribus
414 1684 450 1721 in
465 1683 557 1721 illud
572 1683 690 1735 ipsum
706 1683 936 1731 incumbant,
965 1684 1024 1721 sed
1040 1686 1309 1723 tantummodo
1323 1699 1343 1722 a
1359 1685 1483 1734 Peme,
1512 1687 1616 1735 idest,
1632 1703 1690 1728 ex-

94 1738 270 1790 perientia
286 1737 398 1788 sagaci
427 1741 463 1776 &
483 1751 605 1776 rerum
621 1738 753 1775 mundi
781 1738 913 1776 notitia
940 1738 1141 1786 universali,
1170 1753 1261 1790 quae
1291 1740 1401 1778 etiam
1426 1742 1507 1779 casu
1524 1745 1691 1794 quodam

97 1805 138 1830 ac
152 1792 265 1830 veluti
284 1793 379 1831 inter
392 1795 605 1831 venandum
634 1792 672 1831 in
700 1793 913 1839 hujusmodi
935 1793 1084 1831 inventa
1111 1793 1267 1831 incidere
1293 1795 1396 1832 solet.
1453 1798 1548 1835 Illud
1563 1810 1688 1836 autem

96 1845 248 1885 musices
282 1859 480 1895 certamen,
518 1848 664 1899 ejusque
701 1860 863 1895 eventus,
905 1847 1097 1886 salutarem
1133 1848 1277 1886 exhibet
1319 1849 1538 1900 doitrinam,
1580 1864 1690 1905 atque

93 1915 180 1940 eam
202 1915 294 1953 quae
316 1902 449 1940 rationi
478 1905 515 1940 ὅ(
537 1903 675 1950 judicio
697 1903 866 1941 humano
890 1903 1051 1953 gestienti
1079 1906 1116 1941 ὃς
1144 1903 1179 1941 se
1197 1903 1362 1942 efferenti
1389 1905 1588 1945 sobrietatis
1611 1908 1688 1946 vin-

95 1959 179 1995 cula
203 1956 348 2002 injicere
369 1955 493 2010 possit.
550 1958 696 2010 Duplex
724 1957 825 1996 enim
855 1957 996 1996 videtur
1015 1959 1082 1996 esse
1110 1958 1316 2008 harmonia,
1347 1962 1383 1997 ὅς
1410 1959 1509 2012 quasi
1533 1961 1687 2002 musica:

95 2014 209 2050 altera
235 2012 485 2064 providentiae
507 2012 661 2060 divinae,
699 2015 808 2051 altera
831 2012 982 2050 rationis
1007 2014 1200 2051 humanae.
1251 2014 1401 2066 Judicio
1428 2015 1529 2053 enim
1559 2018 1688 2055 huma-

94 2080 161 2114 no,
191 2080 232 2105 ac
254 2067 367 2105 veluti
393 2068 535 2105 auribus
557 2068 786 2115 mortalium,
815 2067 1078 2106 administratio
1100 2067 1233 2105 mundi
1263 2072 1300 2106 ὃ(
1322 2083 1457 2117 rerum,
1491 2073 1528 2108 &
1556 2072 1689 2118 judicia

93 2122 216 2161 divina
249 2122 438 2167 secretiora
466 2123 601 2161 sonant
630 2121 763 2175 aliquid
797 2123 945 2170 durum,
986 2126 1023 2161 δε
1058 2122 1156 2175 quasi
1187 2123 1394 2162 absonum:
1430 2138 1522 2176 quae
1550 2126 1689 2165 inscitia

95 2177 180 2215 licet
200 2176 342 2215 asininis
370 2177 514 2216 auribus
537 2177 673 2216 merito
701 2177 925 2228 insigniatur,
961 2189 1089 2225 tamen
1118 2181 1155 2216 δε
1182 2178 1265 2216 illae
1286 2179 1380 2231 ipsae
1407 2193 1507 2218 aures
1534 2180 1689 2229 secreto,

96 2245 165 2270 nec
187 2235 307 2285 palam
324 2233 526 2282 gestantur:
555 2246 674 2284 neque
697 2232 798 2271 enim
813 2233 963 2280 hujusce
982 2232 1031 2270 rei
1054 2233 1267 2272 deformitas
1281 2246 1300 2270 a
1328 2236 1442 2283 vulgo
1466 2234 1689 2287 conspicitur

94 2298 158 2325 aut
173 2298 335 2325 notatur.
391 2287 593 2335 Postremo,
626 2287 778 2325 minime
801 2286 938 2325 mirum
961 2287 1010 2324 est
1037 2286 1062 2324 fi
1084 2287 1179 2325 nulli
1201 2300 1342 2325 amores
1359 2287 1469 2326 Pani
1490 2290 1687 2329 attribuan-

94 2352 166 2390 tur,
195 2352 333 2394 praeter
355 2343 576 2394 conjugium
592 2340 750 2389 Echusj
781 2343 942 2380 mundus
956 2342 1057 2379 enim
1072 2341 1108 2381 se
1136 2342 1227 2394 ipso,
1255 2353 1364 2394 atque
1384 2342 1421 2380 in
1437 2344 1471 2380 se
1486 2345 1591 2382 rebus
1606 2358 1688 2382 omq

93 2396 202 2435 nibus
230 2396 381 2434 fruitur:
409 2397 473 2450 qui
497 2409 594 2436 amat
621 2409 757 2445 autem,
795 2396 866 2435 frui
902 2399 994 2444 vult,
1023 2409 1142 2448 neque
1172 2396 1211 2434 in
1237 2397 1343 2449 copia
1378 2396 1553 2437 desiderio
1582 2401 1688 2438 locus

91 2451 151 2490 est.
206 2454 332 2504 Itaque
349 2452 480 2491 mundi
503 2465 645 2492 amores
666 2453 734 2491 effe
767 2451 862 2490 nulli
884 2453 1044 2504 possunt,
1074 2464 1143 2489 nec
1164 2451 1333 2503 potiendi
1356 2451 1512 2505 Cupido,
1539 2466 1628 2491 cum
1651 2454 1688 2493 se

92 2507 172 2560 ipso
185 2517 386 2545 contentus
400 2506 453 2555 fit,
482 2507 548 2546 nisi
569 2508 714 2546 fortasse
729 2507 930 2546 sermones:
959 2506 983 2544 ii
1012 2506 1095 2544 siint
1116 2507 1294 2559 nympha,
1323 2505 1445 2555 Echo,
1475 2507 1688 2546 autfiaccu-

92 2562 240 2600 rariores
248 2560 330 2609 sint,
359 2559 531 2615 Syringa.
586 2565 685 2601 Inter
699 2563 886 2600 sermones
901 2572 1037 2609 autem,
1065 2559 1135 2602 five
1153 2574 1271 2609 voces,
1300 2564 1516 2605 excellenter
1529 2564 1576 2601 ad
1597 2576 1689 2602 con-

92 2616 236 2668 jugium
267 2616 399 2661 mundi
421 2616 576 2655 sumitur
605 2618 683 2656 sola
710 2615 849 2658 Echo3
885 2629 926 2653 ea
948 2615 1050 2654 enim
1077 2617 1234 2654 demum
1262 2630 1344 2655 vera
1370 2618 1417 2656 est
1444 2617 1689 2670 philosophia,

91 2684 185 2724 quae
212 2671 344 2710 mundi
371 2670 475 2724 ipfius
494 2685 601 2710 voees
623 2669 830 2710 fideliffime
847 2671 988 2718 reddit,
1017 2673 1055 2708 &
1081 2670 1195 2710 veluti
1221 2671 1381 2710 dictante
1410 2673 1568 2720 mundo,
1597 2686 1686 2716 con-

91 2727 219 2779 scripta
245 2727 313 2769 est3
344 2728 381 2764 δ(
396 2725 488 2766 nihil
512 2726 610 2765 aliud
631 2727 691 2775 est,
718 2738 832 2779 quam
859 2726 1024 2773 ejusdem
1053 2724 1289 2764 simulacrum
1317 2729 1355 2764 ὅ(
1377 2726 1535 2774 reflexio,
1564 2740 1686 2778 neque

90 2781 191 2825 addit
205 2781 401 2834 quicquam
424 2783 471 2820 de
491 2781 655 2834 proprio,
685 2781 746 2820 sed
768 2791 918 2819 tantum
936 2781 1040 2819 iterat
1060 2783 1098 2819 &
1120 2781 1275 2820 resonat.
1329 2781 1395 2820 Ad
1418 2782 1551 2820 mundi
1572 2781 1690 2820 etiam,

49 2847 54 2853 ·
90 2834 350 2876 sufficientiam
378 2839 416 2874 &
436 2836 702 2889 perfeetionem
725 2835 893 2888 pertinet,
934 2836 1038 2888 quod
1076 2836 1221 2888 prolem
1249 2849 1330 2875 non
1353 2837 1460 2876 edat:
1489 2839 1554 2874 llle
1580 2834 1683 2873 enim

91 2904 154 2944 per
175 2901 291 2944 partes
318 2902 493 2941 generat3
522 2904 584 2944 per
611 2902 739 2929 totum
761 2903 888 2929 autern
917 2891 1117 2943 quomodo
1139 2903 1309 2941 generare
1335 2889 1462 2944 possir,
1488 2903 1576 2928 cum
1603 2901 1684 2927 cor·

91 2958 158 2998 pus
182 2956 280 2983 extra
305 2945 426 2998 ipsum
452 2959 534 2984 non
562 2944 617 2984 fit.
672 2948 775 2986 Nam
803 2946 849 2984 de
875 2945 949 2984 filia
981 2946 1058 2992 eius
1087 2945 1261 2998 putativa,
1290 2946 1503 2984 muliercula
1533 2943 1606 2991 illa,
1635 2943 1684 2981 est

91 3000 176 3039 sane
199 3012 241 3038 ea
258 3000 414 3047 adjestio
427 3002 607 3053 quaedam
627 3001 672 3039 ad
700 3001 864 3042 fabulam
891 2996 1170 3052 sapientiffima;
1199 3013 1262 3053 per
1282 3000 1388 3042 iliam
1420 2998 1520 3038 enim
1547 3010 1694 3050 septae--

90 3055 282 3093 sentantur
310 3068 383 3102 eae,
426 3069 519 3108 quae
547 3054 727 3108 perpetuis
762 3055 990 3107 temporibus
1023 3052 1154 3107 paffim
1188 3066 1376 3106 vagantur,
1405 3064 1513 3104 atque
1554 3051 1685 3091 omnia

91 3109 262 3161 implent,
290 3109 509 3164 vaniloquae
536 3112 583 3150 de
620 3122 743 3150 rerum
770 3121 900 3150 natura
932 3110 1131 3160 doetrinae,
1161 3123 1199 3150 re
1233 3110 1306 3162 ipsa
1332 3106 1588 3156 infrustuosae‚
1624 3119 1684 3156 ge·

1598 3173 1683 3198 nere

1787 242 1880 288 357
