1973 3570
716 119 1241 172 INDEX.

165 220 348 254 cuffionem
366 217 490 265 absque
507 217 601 258 sono,
882 233 943 268 191

117 268 319 315 Purgantia,
767 270 847 315 156,
881 283 892 305 1
901 272 945 316 58

116 317 333 363 Purgationes
350 328 436 363 quae
455 317 685 353 ventriculum
704 331 850 366 purgare
877 331 945 355 non

162 366 301 408 debent,
324 377 404 410 150,
433 377 511 412 174.
555 368 791 415 Purgationum
806 369 943 411 utilitas,

864 418 942 453 ibid.

115 465 253 500 Putatio
271 464 448 506 arborum,
473 465 542 500 sive
559 465 770 512 germinum,
798 466 877 502 facit
899 468 943 503 ad

159 513 438 561 longaevitatem,
877 530 889 552 1
901 529 941 564 19

106 565 213 600 *Protei
245 562 386 610 quidam
427 562 459 596 in
494 561 678 603 Da'niatia,
734 565 771 599 &
804 566 941 613 regione

158 612 358 660 Cyreniam,
399 623 439 645 cx
467 611 602 658 quibus,
646 613 777 659 dejefto
815 615 938 662 lapide,

158 660 375 709 tempestates
391 659 560 702 oriuntur,
581 673 641 707 40,
659 661 714 698 66.
773 664 938 700 Nonnulli

154 723 233 746 cum
264 710 354 745 fluxu
389 709 428 744 &
455 709 582 745 refluxu
614 712 716 746 maris
741 713 937 749 consensum

154 760 291 800 habent,
868 775 885 797 2
893 764 937 809 36

104 809 319 856 Putreffablio,
352 819 430 848 121,
464 809 541 843 182.
594 809 655 845 Est
681 810 802 858 species
823 823 936 862 motus

150 858 392 894 assimilationis
418 857 542 904 absque
573 870 670 894 motu
697 861 812 904 locali,
854 874 931 908 170.

150 908 357 954 Putrq'auio
374 919 414 942 ex
443 919 482 941 ca.
514 919 607 955 parte
639 910 847 956 potiffimum
872 924 933 958 per

149 970 253 1005 quam
272 957 492 997 alimentum,
865 973 876 994 1
889 973 932 1007 19

99 1007 143 1043 In
158 1007 365 1053 Putrefablz's
382 1004 534 1042 confusio
551 1007 670 1054 qualis,
865 1022 876 1043 1
887 1010 927 1044 82

92 1056 258 1101 Iba-cnaei
275 1066 421 1098 montes,
863 1071 928 1106 137

99 1105 306 1153 Pythagorae
323 1105 538 1154 philosophia
564 1120 622 1142 cur
648 1108 736 1144 inter
764 1107 929 1156 optimas,

862 1170 929 1200 140

96 1205 300 1251 Pythagorae
316 1204 358 1239 de
371 1204 490 1239 atomis
502 1204 683 1251 responsio,
711 1217 792 1249 224.
844 1207 928 1241 AE-

86 1290 91 1296 Δ
146 1254 348 1301 qualitatem
366 1253 490 1288 atomis
505 1254 658 1301 affigunt,
846 1255 925 1290 ibid.

84 1303 192 1349 v1²21st
211 1302 357 1344 mutica,
882 1317 927 1349 54

488 1426 548 1474 Q

84 1532 99 1544 θ’
168 1547 395 1595 Uadrupedum
422 1548 559 1584 historia
593 1549 632 1584 δε
665 1559 803 1593 aetates,
842 1564 919 1589 122.

218 1599 450 1646 Qcadrupedes
477 1599 664 1647 pauciores,
691 1612 795 1646 quam
829 1614 918 1644 aves,
951 1627 959 1637 .

110 1686 112 1688 ,
138 1650 339 1697 longaevae,
851 1663 891 1686 12
898 1665 918 1697 5

181 1701 277 1733 itates
295 1697 332 1732 δε
351 1698 526 1744 potestates
546 1708 742 1742 ventorum,
872 1712 916 1747 35

86 1748 268 1796 Quantitas
287 1747 489 1782 substantiae
518 1746 597 1783 facit
624 1748 668 1783 ad
692 1748 917 1786 conservatio-

73 1832 76 1833 ⁷
135 1811 214 1834 nem
233 1798 271 1832 &
288 1796 560 1844 longaevitatem,
737 1799 817 1840 126,
850 1811 916 1848 127

85 1846 255 1895 Qantum
274 1841 384 1894 ipsum
402 1855 552 1889 naturae,
570 1846 641 1883 five
655 1849 815 1884 materiae
828 1849 918 1884 sum-

135 1909 193 1932 ma.
223 1895 435 1937 universam,
478 1907 529 1942 19.
581 1897 754 1952 Perpetuo
788 1909 915 1942 manet,

132 1959 241 1993 neque
275 1954 415 1992 augetur
445 1958 505 1980 1166
537 1945 713 1989 minuitur,
746 1960 802 1994 19,
833 1959 913 1995 227.
956 1986 957 1989 ,

131 1996 191 2035 Ex
205 2003 322 2044 quanto
339 1995 498 2030 materiae
515 1994 575 2030 sub
593 1995 715 2032 iisdem
727 1997 912 2044 spatiorum

68 2035 72 2074 ’-
127 2043 396 2080 dimensionibus
412 2043 489 2091 plus
517 2043 556 2078 δε
581 2045 692 2081 minus
708 2046 913 2090 continetur,

103 2122 105 2124 .
130 2095 211 2130 ibid.
263 2094 333 2129 Pro
357 2105 543 2141 corporum
571 2093 765 2132 diversitate
794 2109 813 2131 a
837 2097 912 2144 qui-

65 2132 71 2171 '·
107 2185 109 2188 ⁸
128 2144 192 2179 bus
209 2152 433 2190 occupantur,
834 2146 913 2182 ibid.

80 2192 185 2241 Quies
204 2204 386 2241 corporum
405 2204 583 2239 apparens,
611 2196 692 2230 228.
744 2194 913 2232 Absoluta

126 2255 198 2278 non
227 2243 342 2283 datur,
367 2240 447 2276 ibid.
501 2241 604 2287 Qties
634 2255 703 2278 non
732 2243 864 2282 tollitur
894 2258 912 2281 e

123 2302 257 2334 natura,
278 2302 358 2337 314.
410 2290 541 2337 Qu'etis
553 2291 772 2339 desiderium,
791 2294 911 2330 &affi-

129 2341 329 2382 milationis,
844 2354 912 2390 170

470 2464 518 2500 R.

161 2586 275 2624 Adices
292 2586 469 2629 arborum,
489 2595 614 2622 terram
633 2587 722 2623 circa
740 2601 793 2624 eas
805 2599 906 2637 quot-

184 2636 280 2672 annis
307 2636 492 2678 movendo,
519 2636 682 2672 brevioris
711 2637 785 2674 sunt
813 2640 904 2682 aevi,

128 2698 208 2733 119.
258 2687 341 2721 Non
374 2695 535 2732 vegetant
568 2686 628 2722 nisi
655 2696 743 2722 terra
759 2700 904 2736 cooper-

120 2745 187 2778 tae,
217 2737 295 2772 128.
346 2734 487 2769 Radices
505 2735 537 2769 in
557 2734 664 2778 cibos,
835 2737 899 2774 161

72 2784 251 2820 Remorum
268 2784 512 2832 amputationis
533 2784 672 2828 utilitas,
833 2798 847 2821 1
859 2788 902 2822 16

69 2833 199 2869 Ramus
224 2833 372 2880 (Petrus)
400 2833 670 2881 reprehenditur,
830 2847 899 2884 259

71 2882 300 2929 Rarefientiae
326 2882 533 2932 progressus,
573 2884 652 2929 326.
704 2884 831 2920 Rarum
863 2887 901 2922 &

118 2931 273 2976 densum,
551 2933 611 2980 67,
639 2933 705 2969 &c.
735 2936 897 2982 329,&c.

68 2980 218 3017 Rawleii
225 2981 367 3031 epistola
375 2982 419 3017 ad
430 2982 585 3018 AElium
598 2982 810 3024 Dmdamm.
824 2985 898 3027 406

67 3030 294 3075 Reciprocatio
319 3030 507 3069 sexhoraria
533 3031 641 3068 fluxus
673 3031 711 3068 &
753 3033 897 3070 refluxus

65 3120 69 3121 ⁷
119 3081 237 3125 maris,
826 3094 894 3128 242

1000 218 1302 268 Redintegrutiones
1320 225 1410 261 vitae
1429 226 1629 275 frequentes,
1764 244 1775 265 1
1784 245 1803 278 5
1810 245 1827 278 3

1001 268 1194 313 Rcflexiones
1214 273 1307 315 lucis,
1759 282 1829 316 216

998 317 1263 366 Refrigerantia,
1288 323 1366 367 156,
1392 327 1468 370 158.
1494 328 1719 375 Refrigeratio
1732 329 1828 375 spiri—

1048 377 1142 403 tuum
1158 371 1294 416 triplex,
1320 375 1397 415 148,
1433 376 1654 422 Refmgerium
1667 391 1726 425 per
1739 380 1829 414 som-

1045 427 1141 459 num,
1176 419 1252 467 176.
1309 421 1387 468 Ejus
1402 423 1603 472 indigentia.
1626 439 1728 469 mors,
1749 438 1825 475 175.

1044 465 1165 514 Qalis
1183 469 1224 503 ad
1245 469 1524 517 longaevitatem,
1552 475 1655 518 utilis,
1760 482 1825 525 187

995 513 1187 562 Refrigeria
1202 521 1458 555 coenaculorum
1472 523 1690 568 aestivorum,
1704 537 1763 571 43,
1779 528 1824 573 63

994 563 1151 610 Regiones
1169 566 1242 602 sunt
1262 569 1317 604 ubi
1336 582 1402 604 non
1417 572 1516 619 pluit,
1537 584 1594 609 aut
1610 586 1686 610 raro
1705 578 1824 612 admo*

1040 612 1138 657 dum,
1775 637 1822 671 30

993 661 1124 710 Relzgio
1148 662 1371 712 superstitiosa
1402 669 1645 708 detrimentum
1678 675 1821 710 naturali

1034 712 1288 761 philosophiae,
1310 717 1392 764 269.
1428 720 1517 754 Vera
1535 721 1665 768 Religio
1681 736 1820 770 promo-

1039 770 1136 797 vetur
1153 775 1170 796 a
1188 765 1329 801 naturali
1350 767 1580 817 philosophia,
1597 772 1674 806 ibid.
1723 774 1818 807 Reli-

1030 812 1088 857 gio
1105 811 1184 847 licet
1200 826 1297 855 vana,
1325 828 1390 851 non
1409 815 1498 853 ferro
1512 821 1710 863 coercenda,
1736 823 1817 867 346.

1035 859 1165 907 Religio
1183 874 1262 897 veru
1281 865 1369 900 inter
1387 866 1657 915 superstitionem
1674 870 1711 905 &
1725 873 1816 907 athe-

1034 907 1156 954 ismum
1176 911 1246 953 sita,
1274 920 1279 927 ¹
1578 914 1580 917 ’
1745 931 1818 968 270

986 956 1145 1004 Religiosa
1164 960 1232 996 vita
1259 962 1339 1006 quid
1372 965 1524 1002 conferat
1541 968 1584 1003 ad
1603 968 1813 1016 longaevita-

1033 1015 1115 1049 tem,
1137 1019 1212 1051 140.
1248 1010 1323 1045 Viri
1338 1024 1417 1049 vere
1430 1016 1567 1063 religiofi
1579 1017 1721 1065 effigies,
1740 1031 1813 1062 400

981 1054 1164 1092 Renovatio
1181 1060 1331 1107 corporis
1361 1062 1501 1099 humani
1536 1068 1714 1114 quomodo
1737 1069 1810 1111 fiat,

1010 1146 1012 1148 ‚
1035 1116 1113 1152 174.
1161 1108 1236 1142 Aut
1254 1121 1314 1156 per
1332 1110 1475 1156 spiritus,
1494 1125 1553 1150 aut
1581 1129 1641 1164 per
1659 1117 1811 1152 malacis-

1031 1153 1182 1200 sationes,
1208 1158 1283 1193 186.
1334 1160 1463 1198 Crebra
1479 1165 1661 1200 Renovatio
1673 1178 1810 1213 repara-

1026 1203 1146 1240 bilium
1161 1206 1383 1244 reficitetiam
1400 1212 1508 1248 minus
1521 1215 1806 1262 reparabilia‚187

978 1252 1205 1298 Reparabilia‚
1739 1277 1751 1299 1
1762 1268 1805 1312 87

977 1300 1159 1346 Reparatio
1176 1304 1213 1338 &
1230 1309 1417 1350 renovatio,
1442 1313 1517 1358 187.
1546 1312 1703 1360 Spiritus,
1727 1317 1803 1350 188.

1026 1350 1138 1392 Vitae,
1163 1364 1175 1387 1
1187 1364 1242 1395 10,
1260 1366 1274 1390 1
1287 1368 1299 1390 1
1311 1367 1339 1391 1.
1368 1358 1452 1405 Ejus
1470 1361 1613 1407 periodi,
1626 1363 1703 1399 ibid.
1723 1363 1806 1398 Pro-

1021 1400 1109 1435 cedit
1123 1413 1187 1449 per
1202 1414 1315 1440 rerum
1337 1409 1514 1454 appetitus,
1546 1412 1624 1456 185.
1673 1413 1804 1455 Subita,

1028 1451 1107 1497 189.
1157 1451 1392 1499 Reparationis
1421 1457 1507 1493 succi
1537 1459 1660 1496 veteris
1679 1461 1802 1504 diaeta,

1282 1513 1285 1516 .
1735 1522 1748 1545 Ι
1779 1525 1803 1555 4

968 1547 1163 1593 Repercufflo
1177 1551 1268 1585 venti
1287 1550 1319 1586 in
1339 1552 1445 1588 hortis
1464 1555 1640 1603 reperitur,
1751 1521 1776 1604 Ξ
1779 1573 1798 1606 3

969 1596 1035 1631 Res
1068 1598 1238 1645 vulgatae,
1283 1601 1378 1643 viles,
1416 1614 1542 1652 turpes,
1577 1607 1733 1652 pueriles,
1761 1610 1799 1644 &

1016 1659 1103 1693 quae
1121 1648 1247 1683 nimiae
1277 1650 1468 1688 subtilitatis
1493 1655 1558 1689 effe
1577 1656 1736 1692 videntur
1763 1658 1799 1693 in

1013 1695 1088 1731 hist.
1102 1706 1169 1732 nat.
1187 1698 1402 1746 recipiuntur,
1424 1702 1457 1737 6.
1510 1703 1558 1738 Et
1575 1716 1691 1752 quare,
1756 1710 1796 1742 18

967 1745 1164 1791 Respiratio,
1193 1748 1251 1793 78,
1285 1748 1364 1795 176.
1414 1751 1654 1797 Respirationis
1665 1755 1796 1791 cohibi-

1015 1795 1075 1835 tio,
1103 1807 1206 1844 mors‚
1230 1809 1346 1844 quare,
1371 1810 1451 1846 175,
1477 1801 1514 1836 &
1531 1802 1598 1851 seq.
1626 1804 1794 1852 Tempus,

1019 1843 1096 1891 176.
1148 1845 1186 1879 In
1204 1848 1421 1891 animalibus,
1715 1854 1794 1892 ibid.

962 1893 1176 1940 Resuscitatio
1186 1894 1218 1930 in
1233 1897 1392 1944 deliquiis
1407 1897 1513 1935 animi
1528 1902 1705 1948 quomodo
1718 1904 1794 1939 vul·

1010 1955 1058 1990 go
1075 1943 1130 1985 fit,
1161 1947 1239 1991 178.
1289 1946 1462 1983 Homines
1485 1949 1528 1984 ad
1559 1950 1657 1987 funus
1673 1953 1790 1995 delati,

1010 2003 1067 2027 aut
1083 1993 1187 2028 etiam
1206 1994 1241 2029 in
1263 2005 1351 2031 terra
1364 1997 1510 2041 conditi,
1536 1999 1723 2048 aliquando
1739 2015 1790 2037 re-

1000 2043 1215 2088 suscitantur,
1710 2051 1788 2088 ibid.

960 2091 1213 2128 Rhabarbarum
1230 2093 1334 2129 vitale
1343 2093 1467 2142 jecori,
1608 2099 1688 2145 163,
1720 2101 1789 2144 164

960 2141 1094 2176 Rhedae
1112 2152 1288 2177 moventes
1306 2144 1347 2178 ad
1366 2155 1519 2189 ventum,
1743 2161 1789 2197 57

958 2191 1116 2226 Rhetores
1133 2190 1191 2238 qui
1210 2192 1385 2237 longaevi,
1418 2206 1494 2240 152.
1546 2196 1679 2234 Eorum
1708 2199 1788 2247 phi-

1007 2240 1172 2288 losophia,
1719 2260 1788 2292 140

957 2288 1155 2325 Rivulorum
1171 2288 1245 2325 fons
1262 2289 1440 2339 spirituum
1456 2294 1630 2340 vitalium,
1717 2299 1782 2333 182

956 2338 1121 2374 Romanae
1139 2340 1311 2383 mulieres,
1605 2359 1645 2393 13
1655 2358 1684 2390 1,
1716 2349 1784 2394 138

958 2389 1173 2424 Romanorum
1191 2399 1327 2433 aetates,
1715 2407 1783 2443 130

958 2437 1062 2474 Rores
1081 2438 1254 2481 matutini,
1277 2451 1393 2475 eorum
1411 2442 1600 2489 generatiO,
1734 2457 1779 2494 97

957 2488 1024 2522 Ros
1043 2487 1210 2530 radicalis,
1714 2495 1777 2529 161

956 2537 1141 2583 Roscidatio
1158 2537 1195 2571 δε
1213 2537 1353 2574 durities
1370 2538 1561 2586 succorum,
1713 2544 1776 2578 161

954 2587 1167 2633 Rosiuarinus
1184 2587 1428 2634 sexagenarius,
1712 2603 1726 2626 1
1738 2604 1780 2638 15

954 2637 1044 2672 Rubi
1060 2645 1146 2672 aetas
1164 2635 1299 2679 incerta,
1710 2653 1723 2675 1
1737 2655 1746 2676 1
1755 2654 1778 2688 5

952 2687 1079 2733 Rubigo
1095 2684 1141 2721 est
1159 2686 1375 2734 pmoefaffio,
1399 2699 1477 2732 114.
1513 2687 1642 2736 Rubigo
1659 2692 1780 2727 metal-

998 2736 1123 2777 lorum,
1709 2751 1778 2776 120

950 2786 1064 2821 Rubor
1081 2783 1203 2819 nimius
1223 2784 1256 2820 in
1267 2783 1459 2832 juventute,
1708 2792 1774 2836 138

949 2836 1029 2882 Rufi
1046 2833 1152 2882 magis
1169 2835 1316 2877 vivaces,
1733 2851 1775 2885 13

948 2885 1064 2933 Rugae
1080 2895 1278 2932 corporum,
1706 2899 1720 2923 1
1729 2899 1746 2922 2
1756 2900 1769 2925 ι

946 2935 1123 2979 Rzsticana
1140 2933 1207 2968 vita
1221 2932 1262 2967 ad
1276 2931 1537 2980 longaevitatem
1551 2935 1687 2980 idonea,
1705 2949 1775 2981 140

948 2985 1148 3030 Rusticorum
1165 2980 1362 3031 proverbia,
1703 2986 1774 3033 263

1306 3091 1333 3133 Ξ
1687 3133 1772 3170 Saba
