1973 3570
101 227 212 295 3ss

528 217 1584 276 PARMENIDm,TELEfflL

284 325 408 365 astum
424 326 596 376 abneget,
621 327 658 362 ὃ(
672 334 831 361 omnem
847 320 1058 372 potentiam
1075 317 1278 355 contineat.
1335 319 1464 366 ltaque
1482 317 1704 366 relinquitur
1726 331 1769 357 ut
1785 322 1877 360 illud

287 381 536 428 immutabile,
555 379 597 417 fit
620 378 824 416 minimum
838 394 852 420 ,-
884 374 950 413 nili
966 376 1066 412 forte
1082 376 1165 422 quis
1179 373 1305 410 aflei-at
1321 373 1486 409 omnino
1500 374 1681 425 principia
1697 377 1801 412 nulla
1816 390 1877 414 ex-

285 436 389 475 istere
403 455 416 480 ‚-
447 437 509 474 sed
523 447 603 473 rem
618 436 773 471 alteram
788 431 895 469 alteri
911 442 980 482 pro
993 427 1183 479 principiis
1199 427 1280 473 effe,
1309 428 1434 476 legem
1460 438 1571 474 atque
1593 429 1771 466 ordinem
1798 444 1878 469 rnu-

284 491 440 530 tationis
461 489 666 528 constantia
695 487 765 525 effe
788 489 824 523 &
845 497 1005 532 aeterna,
1046 483 1235 520 css'ennam
1266 483 1382 531 ipsam
1411 482 1547 519 fluxam
1578 485 1614 520 δε
1643 486 1876 524 mutabilem.

285 549 418 595 Atque
433 546 542 583 satius
557 545 654 582 foret
669 541 886 588 hujusmodi
910 539 1087 588 quiddam
1103 538 1238 575 diserte
1259 534 1455 579 affirmare,
1485 548 1598 584 quam
1624 538 1745 575 studio
1768 552 1879 578 aeter-

284 614 380 639 num
400 601 554 653 aliquod
583 597 810 649 principium
832 595 1026 641 statuendi,
1055 595 1095 631 in
1119 594 1246 630 durius
1265 593 1558 628 incommodum
1582 592 1755 640 incidere,
1784 607 1825 632 ut
1854 598 1880 632 i-

286 657 375 694 dem
390 657 617 706 principium
631 663 794 705 ponatur
809 650 1089 700 phantasticum.
1147 649 1214 684 illa
1242 650 1345 684 enim
1369 649 1473 696 prior
1502 650 1597 684 ratio
1625 649 1789 698 aliquem
1807 648 1886 688 ‘exi'a

287 722 372 750 turn
393 712 526 748 habere
545 709 704 753 videtur,
729 717 771 743 ut
788 718 844 742 res
860 715 1055 741 mutentur
1073 706 1111 739 in
1131 704 1286 742 orbcm3
1325 703 1412 739 hacc
1442 702 1586 750 prorsus
1607 704 1768 750 nullum,
1789 716 1882 756 quae

287 767 500 805 notionalia
520 767 557 801 ὃς
585 764 723 799 mentis
747 761 975 797 adminicula
998 759 1107 795 habet
1133 769 1203 806 pro
1231 757 1389 793 entibus.
1446 758 1493 792 Et
1518 768 1645 793 tamen
1672 760 1776 808 quod
1808 760 1885 805 hoc

287 814 410 871 ipsum
433 820 543 856 nullo
562 817 683 854 modo
703 815 780 852 ficri
796 811 922 866 postit,
946 813 1068 862 postea
1083 812 1314 848 docebimus,
1375 808 1510 861 Telcfio
1533 822 1661 849 tamen
1676 811 1783 864 Hyle
1809 817 1883 867 pla-

289 874 379 922 cuit,
394 886 508 922 quam
524 885 566 910 ex
583 873 732 917 juniore
749 879 840 905 aevo
855 867 1061 920 postnatam
1078 865 1118 903 in
1135 864 1387 903 Parmenjdjs
1402 866 1674 917 philosophiam
1689 869 1882 907 transtulit.

289 931 347 968 At
362 939 552 966 certamen
568 925 723 963 instituit
741 919 904 973 Teless'us
913 924 1106 971 agentium
1117 920 1270 958 suorum
1280 921 1559 972 principiorum,
1577 924 1716 959 mirum
1728 926 1762 960 ὃ(
1774 926 1885 975 plane

290 983 479 1032 iniquum,
495 985 533 1019 &
557 980 671 1033 copiis
687 982 723 1016 ὃς
743 990 879 1028 genere
895 978 1071 1015 bellandi.
1128 978 1232 1015 Nam
1261 977 1365 1023 quod
1393 976 1438 1012 ad
1466 976 1590 1024 copias
1619 979 1765 1026 attinet,
1789 989 1886 1017 terra

291 1040 327 1077 ei
347 1038 396 1076 cst
411 1039 534 1084 unica,
558 1047 594 1074 at
615 1036 714 1073 coeli
729 1032 1073 1082 exereitusingens3
1104 1031 1217 1068 etiam
1237 1041 1334 1068 terra
1359 1031 1486 1082 puniti
1515 1032 1590 1068 sere
1610 1031 1716 1069 instar
1740 1051 1751 1075 ;
1790 1035 1888 1072 coeli

291 1106 383 1133 vcro
402 1092 515 1143 spatia
531 1094 566 1129 ὃ(
587 1089 757 1141 regiones
773 1085 987 1126 immensae.
1046 1089 1184 1135 Neque
1202 1086 1288 1123 huic
1309 1087 1562 1123 incommodo
1583 1088 1675 1124 illud
1692 1087 1887 1127 subvenire

290 1159 415 1198 queat,
439 1147 543 1197 quod
563 1157 658 1184 terra
693 1147 730 1181 ὃς
758 1144 1016 1182 connaturalia
1048 1143 1124 1188 ejus
1151 1154 1196 1178 ex
1224 1143 1378 1178 materia
1411 1142 1572 1178 maxime
1592 1144 1784 1192 compacta
1806 1145 1902 1187 asse,

291 1214 432 1250 rantur,
456 1204 608 1240 coelum
634 1210 766 1238 contra
796 1201 831 1235 ὅ(
868 1198 1039 1235 aetherea
1073 1210 1116 1234 ex
1155 1195 1308 1233 materia
1347 1198 1509 1234 maxime
1544 1195 1729 1246 explicata.
1783 1201 1889 1238 Licet

292 1258 395 1296 enim
410 1257 616 1310 plurimum
634 1265 734 1293 certe
749 1251 903 1300 interfit,
931 1264 1060 1290 tamen
1089 1253 1178 1289 haec
1202 1264 1258 1288 res
1274 1253 1383 1288 nullo
1401 1252 1519 1288 modo
1546 1254 1669 1301 copias
1691 1255 1748 1290 vel
1764 1255 1888 1305 longo

293 1314 493 1352 intervallo
508 1311 691 1360 aequabit.
740 1309 794 1347 At
809 1310 926 1346 robur
940 1306 1126 1358 dogmatis
1142 1303 1274 1356 Telesti
1289 1306 1449 1344 vertatur
1467 1308 1506 1343 in
1517 1307 1590 1343 hoc
1609 1309 1665 1344 vel
1681 1311 1889 1359 praecipue,

291 1367 319 1406 fi
338 1376 518 1417 tanquam
539 1365 697 1418 aequalis
712 1363 837 1415 portio
856 1363 960 1412 hyles
976 1363 1197 1412 (secundum
1217 1372 1415 1411 quantum,
1437 1373 1516 1398 non
1541 1361 1889 1416 secundumcxpor-

292 1420 519 1471 reffionem)
537 1423 685 1469 utrique
700 1419 885 1469 principio
900 1417 1025 1466 agenti
1043 1414 1257 1465 affignetur,
1274 1426 1315 1452 ut
1335 1428 1390 1452 res
1404 1416 1535 1453 durare
1551 1414 1703 1465 poffint,
1724 1420 1761 1456 &
1787 1420 1891 1468 syste-

293 1491 357 1516 ma
379 1478 554 1515 constitui
582 1478 619 1513 ὅ(
638 1475 797 1512 stabiliri.
853 1474 1079 1525 Quicunque
1109 1472 1212 1521 enim
1232 1483 1319 1508 cum
1343 1467 1479 1520 Teleste
1508 1471 1640 1509 sentiet
1667 1472 1707 1510 in
1727 1476 1889 1522 caeteris,

295 1536 334 1571 ὅ(
349 1532 641 1584 exsuperantiam
657 1529 760 1578 hyles
773 1525 984 1580 praesertim
1008 1537 1087 1564 tam
1109 1527 1240 1578 amplo
1258 1527 1409 1573 excessu,
1434 1528 1474 1562 in
1508 1538 1588 1564 uno
1614 1529 1814 1581 principio,
1843 1531 1893 1569 ad

292 1589 457 1625 alterum
476 1587 630 1635 recipiet
646 1602 659 1627 ,-
701 1581 877 1629 haerebit,
903 1593 972 1619 nec
993 1580 1027 1619 se
1057 1580 1220 1618 omnino
1243 1580 1448 1630 explicabit.
1518 1584 1646 1630 Itaque
1666 1570 1890 1635 iiiv‘dialogo

293 1639 510 1681 Plutarchi
525 1642 571 1678 de
590 1640 684 1677 facie
698 1638 738 1676 in
765 1638 859 1675 orbe
893 1639 1014 1683 lunae,
1039 1637 1123 1674 sana
1144 1646 1272 1673 mente
1292 1637 1520 1687 proponitur
1543 1638 1606 1674 illa
1630 1636 1889 1687 consideratio,

292 1710 375 1735 non
391 1697 460 1735 effe
474 1693 681 1742 verisimile,
695 1696 735 1731 in
750 1691 972 1742 dispersione
988 1693 1176 1738 materiae,
1192 1701 1364 1728 naturam
1393 1690 1568 1740 quicquid
1599 1695 1784 1745 compacti
1802 1700 1888 1732 ‘cor-

320 1755 395 1790 oris
416 1762 491 1789 erat
512 1751 550 1788 in
566 1749 721 1788 unicum
741 1758 860 1786 terrae
879 1748 1037 1797 globum
1055 1744 1279 1793 conclusisse,
1296 1756 1356 1783 tot
1372 1748 1525 1783 interim
1549 1747 1785 1787 volventibus
1809 1751 1888 1799 glo

291 1766 347 1845 iiis
362 1807 554 1845 astrorum.
611 1806 709 1843 Huic
728 1815 819 1841 vero
839 1801 1060 1852 cogitationi
1085 1813 1161 1839 tam
1186 1801 1436 1839 immoderate
1452 1801 1601 1840 indulsit
1617 1801 1830 1853 Gilbertus,
1847 1815 1888 1843 ut

293 1870 376 1900 non
392 1862 516 1899 solum
530 1871 667 1899 terram
682 1860 869 1905 &lunann
887 1858 947 1895 scd
963 1859 1175 1909 complures
1192 1856 1283 1894 alios
1298 1857 1434 1906 globos
1451 1857 1588 1895 solidos
1604 1861 1639 1895 ὃ(
1655 1871 1802 1910 opaCOS,
1824 1873 1889 1911 per

291 1915 555 1970 expansionem
588 1916 699 1961 coeli,
730 1916 828 1951 inter
862 1914 998 1963 globos
1032 1914 1208 1959 lucentes,
1236 1911 1375 1964 sparsos
1396 1912 1574 1949 assereret.
1631 1915 1735 1966 Quin
1760 1917 1795 1951 &
1825 1913 1889 1966 ipsi

293 1973 543 2025 Peripatetici,
564 1969 759 2020 postquam
773 1967 943 2006 coelestia
970 1967 1038 2005 suo
1057 1966 1149 2004 statu
1166 1985 1179 2011 ‚-
1225 1967 1434 2004 sublunaria
1454 1977 1579 2004 autern
1605 1981 1670 2017 per
1697 1967 1890 2007 successio-

294 2039 386 2064 nem
414 2029 451 2064 &
485 2027 776 2064 renovationem
799 2034 947 2061 aeterna
973 2022 1187 2072 posuifl'ent,
1216 2034 1297 2059 non
1323 2020 1451 2060 confisi
1483 2023 1566 2060 sunt
1596 2024 1632 2060 se
1656 2024 1731 2061 hoc
1749 2025 1890 2074 dogma

292 2083 391 2120 tueri
405 2081 518 2131 poffe,
534 2078 599 2118 nist
614 2077 809 2118 elementis
824 2080 941 2116 veluti
962 2090 1072 2125 aquas
1087 2079 1265 2115 materiae
1284 2079 1480 2126 portiones
1503 2075 1746 2128 affignassent.
1803 2081 1889 2117 Hoc

293 2137 344 2174 est
364 2135 467 2174 enim
488 2136 583 2173 illud
602 2135 707 2184 quod
722 2135 768 2171 de
783 2134 965 2185 decupula
987 2134 1049 2169 illa
1065 2135 1254 2185 portione,
1271 2144 1343 2180 qua
1358 2133 1526 2170 ambiens
1544 2136 1777 2172 elementum
1796 2136 1889 2172 intc—

295 2194 370 2229 rius
398 2193 634 2229 elementum
666 2190 824 2239 superet,
853 2188 1131 2226 consomniant.
1190 2190 1327 2234 Neque
1357 2188 1417 2224 ista
1446 2200 1494 2225 co
1526 2189 1756 2238 adducimus,
1785 2190 1889 2238 quod

293 2247 446 2284 nullum
482 2259 524 2284 cx
545 2246 590 2283 iis
622 2246 733 2282 nobis
759 2244 911 2295 placeat,
935 2243 996 2280 sed
1019 2254 1060 2280 ut
1080 2242 1314 2280 ostendamus
1342 2241 1569 2291 inopinabile
1591 2244 1769 2292 quiddam
1793 2245 1888 2286 esse3

295 2312 408 2351 atque
425 2299 695 2351 cogitationem
719 2298 867 2349 prorsus
895 2300 993 2336 male
1016 2298 1281 2345 mensuratam,
1308 2296 1332 2334 fi
1361 2300 1442 2346 quis
1469 2308 1620 2344 terram,
1654 2302 1889 2337 contrarium

294 2369 408 2406 agens
422 2358 534 2394 coelo
548 2356 778 2407 principium
793 2354 941 2392 statuat:
978 2354 1081 2403 quod
1104 2350 1266 2402 Telqstzts
1281 2353 1380 2390 feeit.
1438 2353 1567 2401 Atque
1597 2354 1669 2390 hoc
1690 2353 1807 2405 ipsum
1824 2355 1889 2392 du-

296 2410 371 2448 rius
386 2413 512 2449 multo
532 2410 733 2457 invenitur,
763 2407 788 2446 fi
803 2411 886 2457 quis
906 2420 1051 2461 praeter
1071 2419 1255 2457 quantum
1275 2408 1408 2459 ipsum,
1438 2408 1618 2457 disparem
1643 2410 1821 2447 virtutem
1851 2412 1888 2447 &

290 2466 420 2502 aetum
442 2468 540 2504 coeli
560 2469 597 2503 δε
614 2476 732 2502 terrac
748 2466 947 2502 intueatur.
1003 2464 1151 2501 Perdita
1166 2465 1270 2500 enim
1291 2464 1455 2500 omnino
1470 2461 1512 2500 lit
1532 2463 1784 2501 dimicationis
1799 2476 1889 2501 con—

297 2518 403 2566 ditio,
427 2519 452 2557 fi
480 2534 522 2559 ex
546 2522 657 2558 altera
677 2530 778 2570 parte
809 2521 975 2558 telorum
992 2518 1182 2556 hostilium
1213 2518 1304 2555 icius
1330 2518 1571 2570 perferantur,
1602 2532 1644 2556 cx
1668 2520 1779 2555 altera
1808 2531 1890 2557 non

299 2576 523 2626 pertingant,
548 2576 609 2613 sed
624 2576 716 2612 citra
736 2575 879 2612 cadant.
934 2575 991 2611 At
1019 2574 1136 2622 liquet
1165 2575 1273 2622 plane
1297 2573 1383 2610 solis
1411 2573 1502 2610 vires
1526 2575 1565 2610 in
1592 2584 1729 2610 terram
1761 2576 1888 2615 mitti3

296 2639 416 2666 terrae
434 2640 561 2668 autem
579 2632 676 2668 vires
697 2631 811 2679 usquc
832 2631 877 2667 ad
902 2629 1019 2667 solem
1034 2630 1228 2678 pervenire
1243 2640 1360 2665 nemo
1379 2627 1567 2678 spondeat.
1623 2629 1776 2665 Etenim
1793 2630 1890 2666 inter

296 2695 433 2722 omnes
447 2686 613 2733 virtutes,
637 2698 725 2733 quas
741 2695 872 2723 natura
891 2686 995 2735 parit,
1021 2685 1082 2720 illa
1102 2685 1191 2721 lueis
1220 2686 1256 2720 ὅ(
1284 2683 1439 2720 umbrae
1455 2678 1667 2732 longissime
1694 2681 1889 2731 emittitur,

299 2741 338 2777 &
357 2739 524 2776 maximo
539 2739 654 2791 spatio
668 2738 738 2777 five
753 2740 845 2777 orbe
860 2737 1180 2777 circumfunditur.
1237 2737 1391 2777 Umbra
1419 2749 1546 2775 autem
1574 2748 1688 2774 terrae
1721 2737 1810 2774 eitra
1834 2739 1890 2775 so.
1943 2771 1945 2774 .

301 2795 379 2832 lem
395 2795 631 2840 terminatur,
645 2807 733 2831 cum
754 2797 815 2833 lux
844 2795 942 2843 solis,
967 2793 991 2832 fi
1014 2806 1108 2831 terra
1129 2793 1309 2845 diaphana
1337 2792 1434 2839 essct,
1456 2793 1613 2842 globum
1635 2802 1752 2829 terrae
1780 2793 1891 2831 transl

300 2849 491 2888 verberare
510 2846 634 2897 possit.
691 2851 950 2887 Nominatum
976 2849 1152 2895 calidum,
1171 2849 1352 2897 frigidum
1390 2846 1453 2896 (de
1468 2846 1598 2895 quibus
1622 2859 1723 2883 nunc
1747 2847 1796 2884 est
1823 2848 1891 2885 se'r-

296 2902 386 2952 mo)
413 2915 606 2956 nunquam
621 2903 948 2952 deprehenduntur
963 2914 1039 2941 tam
1056 2916 1191 2953 magna
1207 2902 1315 2953 spatia
1329 2903 1490 2948 vincere,
1512 2903 1552 2939 in
1567 2903 1702 2939 virture
1719 2902 1779 2939 sua
1797 2904 1887 2952 ‘per-

301 2959 466 3004 ferenda,
482 2969 596 3007 quam
611 2959 671 2994 lux
687 2960 880 2996 &umbra
937 2961 1064 3010 Itaque
1094 2957 1118 2995 fi
1146 2960 1279 2995 umbra
1301 2968 1419 2994 terrac
1442 2969 1521 2993 non
1551 2958 1732 3006 pertingit
1760 2958 1812 2994 ad*
1835 2958 1890 2995 so—
1943 2966 1948 2973 ⁴

296 3015 381 3050 >lem
403 3015 528 3051 multo
551 3014 674 3050 minus
693 3012 872 3062 frigidum
900 3024 1020 3051 terrae
1048 3026 1096 3050 eo
1119 3013 1271 3062 aspirare
1293 3011 1391 3064 poss'c
1417 3011 1710 3049 consentaneum
1735 3012 1792 3050 cst.
1838 3011 1889 3050 'id

295 3067 326 3104 ‘fi
346 3067 394 3105 ita
408 3066 462 3115 fit,
480 3080 617 3119 nempe
633 3077 673 3105 ut
690 3067 744 3104 sol
760 3070 796 3104 ὅ(
816 3069 978 3105 calidum
997 3071 1036 3105 in
1054 3068 1236 3117 quaedam
1256 3078 1413 3117 corpora
1430 3066 1548 3103 media
1565 3078 1660 3115 agat,
1692 3079 1770 3115 quo
1798 3067 1887 3104 con-

296 3121 402 3161 trarii
411 3121 582 3174 principii
595 3123 710 3164 virtus
725 3134 806 3160 non
819 3121 1004 3169 ascendat,
1034 3135 1102 3159 nec
1126 3124 1207 3160 ullo
1239 3121 1359 3159 modo
1388 3133 1519 3158 eornm
1539 3122 1665 3160 actum
1689 3122 1887 3171 impediam

973 3187 990 3215 1
1750 3177 1889 3214 neccssc
