1973 3570
183 248 956 309 DESCRIPTIOGLOBI
1003 253 1681 311 INTELLECTUAL.

80 366 259 415 defo-stus,
289 368 326 404 ὃς
354 363 523 418 corporis
561 362 739 402 subtilitas
768 374 831 402 aut
860 363 1016 414 parvitas
1035 376 1046 406 ;
1089 377 1213 414 neque
1245 367 1349 402 enim
1381 365 1517 405 scilicet
1547 367 1571 405 si
1600 383 1686 407 ocu-

80 424 136 461 lus
161 425 200 460 in
222 423 368 459 circulo
391 423 503 459 lunae
540 418 680 470 positus
709 419 807 467 effer,
845 419 907 457 hic
936 432 1031 468 quae
1062 420 1158 470 apud
1182 433 1254 457 nos
1289 420 1327 458 in
1353 420 1540 471 superficie
1570 423 1690 463 terrae'

81 478 177 515 fiunt
193 477 435 522 mutationes,
456 477 572 514 veluti
604 474 880 522 inundationes,
900 484 1018 512 terrae
1047 486 1186 522 motus,
1214 475 1387 523 aedificia,
1409 477 1598 515 strt1&uras
1625 491 1687 517 aut

80 533 215 579 moles,
248 543 401 569 cernere
429 527 542 582 poliit
559 545 569 571 ς
608 542 701 581 quae
727 541 858 579 parvae
886 529 1041 567 festucae
1075 532 1264 567 rationem
1295 544 1377 568 non
1411 544 1617 581 exaequant
1642 536 1687 572 ad

80 594 224 624 tantam
248 586 468 624 distantiam.
526 587 662 636 Neque
678 597 720 622 cx
737 597 784 622 eo
799 586 903 633 quod
924 586 1076 623 coelum
1106 584 1347 623 inter-stellare
1376 587 1605 636 diaphanum
1633 587 1688 636 fit,

80 644 118 679 δε
138 640 260 679 stellae
275 640 448 679 noctibus
467 639 600 677 serenis
616 640 768 676 caedem
784 652 949 677 numero
966 643 1002 677 ὃ(
1018 641 1109 678 facie
1126 646 1344 688 cernuntur,
1374 643 1456 690 quis
1471 642 1577 680 facile
1603 656 1686 692 pro-

81 698 236 734 nunciet
246 695 459 734 universum
472 707 607 747 corpus
622 694 777 732 aetheris
793 694 1003 744 limpidum,
1020 708 1158 745 purum
1174 695 1457 734 &immutabile
1473 698 1552 734 effe.
1584 700 1688 736 Nam

81 753 118 789 &
134 754 194 790 ae‘r
209 754 426 789 innumeras
440 752 633 788 varietates
649 749 808 799 suscipit,
825 751 949 798 aestus,
961 750 1123 800 frigori5‚
1139 751 1314 799 odorum,
1332 755 1368 789 δε
1383 751 1607 802 omnigenae
1619 756 1688 791 mi-

81 807 198 846 sturae
216 820 304 845 cum
320 805 515 856 vaporibus
532 804 783 844 subtilioribus
800 824 814 849 5
845 818 969 855 neque
983 817 1178 856 propterea
1193 809 1294 844 exuit
1311 806 1559 857 diaphanum3'
1588 806 1689 846 fimi-

79 864 166 900 liter
180 873 250 901 nec
266 861 420 912 imagini
442 872 503 898 aut
520 860 623 898 faciei
641 860 693 898 illi
709 862 807 898 coeli
828 862 1069 899 credendum.
1130 863 1234 899 Nam
1264 860 1289 898 st
1318 874 1475 913 magnac
1500 864 1585 901 illae
1622 878 1689 901 nu-

81 918 187 955 bium
197 919 330 965 moles,
344 930 437 966 quae
448 919 599 954 coelum
609 915 799 952 interdum
810 917 1022 964 involvunt,
1040 919 1075 953 δι
1092 917 1179 954 solis
1193 919 1228 954 δε
1243 917 1424 955 astrorum
1444 918 1686 968 conspcftum

79 973 224 1010 tollunt
240 972 397 1019 anobis,
418 983 570 1024 propter
586 969 911 1023 propinquitatem
933 971 1091 1022 ipsarum
1113 974 1158 1009 ad
1179 972 1297 1009 visum
1324 972 1494 1010 nostrum
1524 973 1562 1011 in
1583 975 1685 1027 supe-

80 1026 241 1065 rioribus
263 1027 359 1064 coeli
384 1029 546 1077 partibus
580 1027 799 1077 penderent,
824 1028 1046 1076 neutiquam
1069 1027 1153 1064 illac
1173 1027 1307 1066 faciem
1334 1027 1431 1065 coeli
1454 1028 1573 1066 sereni
1603 1043 1685 1068 mu-

80 1093 229 1120 tarent:
264 1095 439 1120 namnec
455 1082 550 1134 ipsae
573 1084 675 1119 cerni
704 1081 849 1131 poss'ent
877 1093 1030 1133 propter
1054 1081 1272 1129 distantiam,
1296 1096 1367 1120 nec
1395 1084 1512 1120 ullam
1533 1084 1685 1136 eclipsin

79 1138 203 1176 facere
228 1137 268 1175 in
302 1139 410 1185 astris,
436 1148 586 1187 propter
613 1148 820 1186 corporum
845 1136 1064 1188 parvitatem
1088 1137 1253 1189 respedtu
1277 1137 1544 1187 magnitudinis
1573 1140 1684 1178 astro-

81 1205 178 1230 rum.
233 1194 340 1244 Quin
356 1196 392 1230 ὅ(
406 1204 541 1242 eorpus
561 1191 682 1243 ipsum
697 1192 819 1237 lunae,
839 1189 904 1228 nisi
920 1204 993 1240 qua
1013 1202 1117 1241 parte
1132 1193 1263 1229 lumen
1276 1192 1423 1244 excipit,
1446 1193 1583 1231 faciem
1599 1208 1683 1232 eoe-

37 1255 39 1257 “
79 1246 107 1285 ii
126 1261 208 1286 non
227 1259 359 1294 mutar,
374 1258 415 1286 ut
430 1245 456 1284 si
469 1251 599 1285 lumen
620 1245 713 1284 illud
733 1246 880 1292 abesset,
896 1257 1046 1285 tantum
1058 1259 1192 1297 corpus
1207 1259 1278 1285 nos
1294 1248 1409 1285 latere
1423 1249 1533 1298 plane
1552 1250 1681 1301 posset.

81 1303 139 1353 At
155 1314 289 1341 contra
304 1303 449 1354 liquido
464 1313 565 1353 patet
592 1315 635 1340 ex
650 1297 775 1338 maffis
792 1313 1010 1353 corporum,
1034 1314 1130 1353 quae
1146 1304 1248 1340 mole
1265 1305 1302 1340 &
1324 1304 1588 1353 magnitudine
1612 1305 1686 1355 spa-

81 1357 225 1396 tiorum
240 1357 445 1396 distantiam
460 1359 621 1404 vincere,
647 1360 686 1394 &
706 1368 861 1409 propter
881 1359 1080 1395 materiam
1108 1358 1337 1395 luminosam
1356 1370 1420 1395 aut
1450 1359 1688 1407 splendidam

81 1412 201 1461 visum
216 1413 387 1452 nostrum
407 1414 573 1451 lacessere
589 1409 743 1463 poffint,
758 1413 995 1449 admirandas
1010 1415 1050 1450 in
1067 1414 1178 1450 coelo
1194 1414 1362 1450 accidere
1384 1415 1614 1452 mutationes
1636 1425 1687 1452 at-

83 1481 158 1518 que
171 1468 396 1506 insolentias.
452 1470 492 1506 Id
509 1470 613 1507 enim
629 1468 847 1518 perspicitur
873 1468 914 1504 in
942 1469 1102 1505 cometis
1126 1467 1417 1516 sublimioribus,
1441 1468 1484 1506 iis
1503 1471 1688 1508 nimirum

82 1527 150 1573 qui
166 1526 204 1560 &
217 1524 375 1574 figuram
390 1524 510 1562 stellae
526 1523 731 1562 induerunt
745 1522 882 1571 absque
896 1534 1018 1569 coma,
1032 1535 1155 1574 neque
1169 1523 1298 1561 solum.
1310 1535 1353 1561 ex
1378 1524 1547 1561 doctrina
1572 1527 1689 1574 paral-

81 1580 223 1618 laxium
244 1578 351 1631 supra
367 1581 497 1617 lunam
512 1580 690 1617 collocati
710 1579 780 1616 ess'e
795 1578 1014 1628 probantur,
1046 1577 1106 1615 sed
1122 1578 1469 1628 configurationem
1485 1577 1598 1616 ctiam
1613 1592 1689 1617 ceri

81 1645 162 1672 tam
177 1637 214 1672 ὅ(
228 1635 461 1672 constantem
475 1647 563 1672 cum
575 1633 682 1672 stellis
697 1633 773 1671 fixis
791 1634 1015 1680 habuerunt,
1047 1635 1083 1671 &
1098 1633 1271 1671 stationes
1292 1633 1371 1671 suas
1394 1634 1597 1681 servarunt,
1625 1648 1688 1672 ne-

83 1702 158 1739 que
171 1702 324 1727 errones
338 1690 490 1728 fuerunt
503 1705 512 1731 ς
542 1691 666 1739 quales
677 1700 773 1727 aetas
790 1689 910 1726 nostra
926 1701 1007 1726 non
1024 1687 1137 1726 semel
1154 1689 1244 1727 vidit
1254 1707 1268 1731 ‚-
1293 1688 1418 1740 primo
1429 1690 1469 1726 in
1485 1686 1689 1742 Calliopea,—

84 1747 223 1792 iterum
238 1758 320 1782 non
336 1747 386 1783 ita
400 1746 546 1798 pridem
561 1745 600 1782 in
619 1742 830 1796 Ophiucho.
888 1745 1005 1797 Quod
1020 1757 1112 1782 vero
1128 1744 1344 1791 hujusmodi
1361 1744 1576 1791 constantia,
1594 1751 1689 1794 quae'

83 1800 315 1850 conspicitur
339 1801 377 1838 in
393 1803 565 1847 cometis,
581 1801 643 1838 fiat
660 1801 711 1838 ob
727 1798 988 1848 sequacitatem
1005 1800 1049 1837 ad
1078 1800 1235 1849 aliquod
1257 1798 1392 1838 astrum
1415 1799 1526 1849 (quae
1541 1797 1689 1850 Aristo-

86 1854 180 1893 telis
194 1855 328 1907 opinio
342 1855 444 1905 fuit,])
471 1858 535 1905 qui
552 1855 709 1893 similem
727 1857 915 1893 rationem
933 1855 1001 1891 effe
1018 1854 1154 1907 posuit,
1175 1866 1345 1892 cometae
1373 1856 1418 1892 ad
1444 1854 1578 1893 astrum
1608 1857 1690 1892 uni-

86 1922 188 1957 cum,
212 1914 250 1948 δί
267 1912 430 1960 galaxiae
453 1912 498 1948 ad
513 1910 600 1949 astra
619 1922 847 1960 congregata
865 1909 1086 1960 (utrumque
1102 1909 1212 1959 falso)
1239 1911 1277 1947 id
1294 1911 1368 1954 jam
1384 1909 1478 1947 olim
1494 1910 1689 1960 explosum

85 1967 135 2003 est
155 1978 236 2005 non
252 1964 326 2003 fine
342 1977 434 2003 nota
455 1968 599 2017 ingenii
616 1964 857 2016 Aristotelis,
874 1969 949 2016 qui,
961 1967 1032 2003 levi
1049 1965 1373 2015 contemplatione
1390 1965 1606 2008 hujusmodi
1634 1978 1695 2004 res

86 2022 303 2071 confingere
317 2021 422 2059 ausus
437 2021 496 2059 est.
553 2024 689 2073 Neque
703 2035 795 2060 vero
810 2021 872 2059 ista
894 2023 1056 2058 mutatio
1072 2020 1109 2058 in
1133 2020 1352 2059 coelestibus
1373 2023 1468 2058 circa
1487 2019 1604 2058 stellas
1623 2034 1692 2058 no-

87 2089 159 2123 vaS,
174 2078 304 2115 locum
318 2086 423 2114 tenet
439 2077 685 2114 solummodo
700 2079 740 2115 in
754 2079 799 2114 iis
814 2075 933 2123 stellis,
949 2089 1043 2127 quae
1058 2077 1234 2114 videntur
1249 2076 1318 2113 effe
1334 2087 1486 2113 naturae
1501 2077 1695 2124 evanidac,

89 2132 151 2170 sed
170 2131 284 2170 etiam
301 2133 342 2168 in
357 2131 398 2169 iis
413 2145 507 2180 quae
528 2143 736 2170 morantur.
795 2135 900 2171 Nam
923 2135 958 2169 ὅ(
975 2133 1014 2168 in
1035 2132 1135 2168 stella
1150 2133 1213 2169 illa
1236 2144 1335 2169 nova
1351 2129 1563 2184 Hippachi‚
1586 2144 1691 2181 appa-

89 2189 240 2225 ritionis
254 2187 403 2224 mentio
418 2188 509 2225 fasta
525 2188 574 2224 est
599 2188 696 2240 apud
711 2198 865 2234 veteres,
891 2187 1142 2237 disparitionis
1160 2199 1409 2236 nequaquam
1464 2187 1588 2223 Etiam
1603 2198 1694 2223 con-

89 2245 179 2294 spici
198 2255 317 2292 nuper
332 2244 457 2292 coepit
473 2240 575 2280 stella
592 2255 690 2280 nova
704 2241 743 2279 in
758 2244 908 2295 pectore
925 2243 1049 2292 cygni,
1065 2255 1159 2290 quae
1174 2243 1249 2288 jam
1270 2254 1334 2291 per
1349 2240 1552 2279 duodecim
1568 2253 1691 2278 annos

91 2302 260 2348 integros
272 2297 429 2345 duravit,
458 2309 617 2336 aetatem
646 2308 816 2335 cometae
847 2297 977 2345 (qualis
1008 2295 1178 2345 liabetur)
1208 2299 1329 2346 longo
1358 2297 1557 2333 intervallo
1574 2296 1698 2348 super:

90 2354 216 2406 gressa,
242 2365 311 2390 nec
326 2354 446 2390 adbuc
465 2353 651 2391 diminuta
678 2364 742 2390 aut
770 2353 958 2390 adornans
986 2352 1126 2401 fugam.
1184 2354 1322 2400 Neque
1351 2352 1444 2389 illud
1469 2351 1590 2389 rursus
1606 2364 1692 2401 pro-

91 2411 217 2462 prium
237 2411 271 2444 δ(
288 2419 509 2460 perpetuum
525 2407 585 2455 est,
607 2419 647 2445 ut
669 2419 810 2446 veteres
824 2408 946 2445 stellae
960 2405 1215 2444 mutationem
1234 2406 1382 2458 prorsus
1396 2418 1476 2457 non
1493 2408 1696 2456 patiantur,-

93 2466 157 2504 sed
170 2473 321 2502 tantum
341 2463 462 2501 stellae
480 2465 697 2502 recentioris
713 2460 970 2516 Epiphaniae,
1000 2465 1040 2499 in
1055 2462 1189 2510 quibus
1213 2463 1268 2498 nil
1285 2463 1426 2499 mirum
1442 2460 1467 2499 fi
1482 2460 1643 2499 mutatio
1660 2475 1693 2499 e-

92 2522 229 2566 veniat,
249 2531 337 2556 cum
357 2517 430 2568 ipsa
444 2521 638 2568 generatio
668 2521 703 2556 ὃ(
724 2520 837 2568 origo
866 2517 1027 2567 ipsarum
1055 2518 1346 2554 immemor-ialis
1369 2529 1450 2555 non
1478 2514 1531 2554 sit.
1589 2516 1696 2554 Missh

93 2575 198 2614 enim
214 2571 417 2611 Arcadum
432 2575 555 2611 fabula
578 2575 625 2611 de
652 2573 772 2626 prima
790 2571 1018 2626 Epiphania
1046 2574 1168 2617 lunae,
1193 2584 1265 2621 qua
1299 2570 1335 2609 se
1361 2572 1496 2616 iactant
1521 2571 1576 2609 illi
1596 2571 1698 2610 fuisse

95 2631 340 2679 antiquiores,
362 2641 442 2666 non
462 2628 595 2666 desunt
616 2630 784 2678 exempla
799 2631 840 2666 in
859 2640 983 2666 rerum
1003 2629 1189 2664 memoria
1217 2627 1300 2665 satis
1328 2626 1412 2673 fida,
1435 2638 1524 2664 cum
1546 2626 1602 2664 sol
1631 2640 1698 2679 per

92 2695 169 2724 tres
186 2685 284 2722 vices
298 2684 432 2735 absque
447 2684 652 2721 incidentia
667 2683 817 2734 eclipsis,
831 2694 894 2721 aut
913 2681 1198 2734 interpositione
1213 2681 1384 2728 nubium,
1398 2687 1482 2719 aere
1496 2682 1646 2730 liquido
1663 2685 1699 2719 ἃ

95 2741 229 2779 sereno
247 2740 390 2789 prodiit
405 2741 512 2777 vultu
529 2749 676 2777 mutato
691 2752 755 2790 per
775 2740 917 2776 multos
940 2738 1031 2784 dies,
1055 2750 1178 2786 neque
1196 2748 1323 2775 tamen
1343 2735 1512 2774 similiter
1531 2736 1695 2782 affectus,

97 2796 211 2834 semel
226 2796 308 2832 luce
322 2793 419 2841 exili,
441 2793 495 2832 bis
510 2792 686 2831 subfusca.
743 2795 850 2831 Talia
865 2795 970 2830 enim
991 2803 1196 2830 evenerunt
1224 2805 1328 2830 anno
1350 2802 1443 2842 790,
1475 2804 1540 2844 per
1556 2792 1697 2843 septen-

97 2851 223 2888 decim
235 2850 327 2897 dies‚
345 2852 379 2887 ὅ(
401 2848 634 2901 temporibus
652 2846 874 2899 Justiniani
892 2860 957 2897 per
972 2860 1116 2885 annum
1131 2849 1346 2895 dimidium,
1377 2850 1413 2884 ὅ(
1430 2847 1507 2899 post
1528 2857 1695 2883 mortem

99 2903 210 2955 Julz'i
227 2902 404 2956 Caesaris
423 2917 488 2956 per
512 2905 725 2953 complures
740 2905 829 2941 dies.
885 2904 1015 2952 Atque
1037 2901 1230 2954 Julianae
1250 2904 1349 2941 illius
1374 2902 1701 2940 obtenebrationis·

98 2970 226 2998 manet
240 2960 498 3004 testimonium
513 2958 605 3000 illud
620 2956 761 3008 insigne
777 2956 939 3010 Virgilii
956 2971 968 2995 .·

317 3037 395 3078 Ille
408 3039 528 3077 etiam
543 3036 717 3077 extineio
734 3036 938 3090 mifiratus
955 3037 1112 3075 Caesare
1129 3039 1308 3085 Romam,

284 3109 287 3111 >
318 3094 415 3132 Cum
429 3101 544 3147 caput
558 3092 713 3147 obfiura
738 3090 908 3131 nitidum
919 3089 1126 3145 ferrugine
1142 3093 1260 3139 texit,

320 3147 519 3203 Impiaque·
533 3156 732 3188 aeternam
753 3149 966 3187 timuerunt
975 3145 1137 3200 saecula
1158 3146 1314 3193 noflem,

1566 3223 1699 3263 Varro-'-

1759 270 1857 328 30'3
