1973 3570
49 236 73 266 ia

579 217 1054 264 COGITATA
1112 210 1220 263 ET
1282 216 1490 263 VISA

229 316 294 365 qui
312 323 482 351 mentem
498 316 606 351 variis
622 318 657 351 ὅ(
678 314 777 352 vanis
794 314 937 365 spce'tris
953 315 1055 352 ludat
1073 317 1107 350 δε
1129 316 1263 352 turbet.
1321 317 1458 363 Neque
1473 324 1668 364 propterea
1691 316 1735 354 ad
1761 315 1840 366 opi,-

230 370 388 408 nionem
410 366 676 421 Acatalepstae
690 370 980 407 deveniendum.
1039 369 1207 406 Cuilibet
1236 370 1340 406 enim
1367 370 1603 407 manifestum
1624 370 1704 418 css’e,
1736 374 1839 408 nulla

232 437 365 462 manus
380 425 596 470 constantia,
625 436 694 460 nec
715 427 917 462 oculorum
943 424 1083 469 judicio
1113 426 1275 461 maxime
1302 423 1494 472 exquisito,
1523 426 1661 461 lineam
1687 426 1836 471 restam,

232 481 293 517 vel
308 477 488 516 circulum
504 480 711 530 perfeetum
737 479 892 517 describi
913 479 1031 531 poss'e:
1060 479 1245 517 Attamen
1264 480 1416 516 admota
1439 481 1577 529 regula,
1608 491 1668 516 aut
1697 479 1844 517 circino

234 535 504 580 circumclusit),
534 546 613 570 rem
637 534 776 584 praesto
795 534 875 571 ess'e.
932 535 1054 582 Atqui
1074 536 1115 570 in
1143 533 1364 572 mechanicis
1392 546 1525 571 manus
1553 535 1757 571 hominum
1773 548 1840 572 nu-

234 590 297 626 das
326 589 370 626 ad
392 590 569 637 quantula
598 601 710 639 opera
738 586 924 626 sufficere:
954 589 1111 626 Easdem
1129 589 1217 627 vi&
1238 601 1310 638 ope
1339 589 1677 626 instrumentorum
1697 586 1841 627 vastiffi·

234 656 296 681 ma
316 656 482 694 quaeque
506 655 546 679 ac
575 642 697 680 rursus
727 640 959 681 subtiliffima
980 643 1139 682 vincere.
1200 646 1312 692 Sequi
1338 643 1448 693 igitur
1468 654 1509 680 ut
1537 644 1581 680 ad
1610 653 1726 680 artem
1753 656 1842 681 con·

236 699 472 748 fugiendum,
508 701 544 734 ἃ
576 699 623 734 de
652 698 979 744 demonstratione,
1011 711 1104 747 quae
1128 712 1191 751 per
1220 710 1338 736 artem
1373 699 1524 748 regitur,
1552 698 1758 736 videndum
1787 697 1841 736 fit.

237 754 366 804 Atque
382 754 427 789 de
449 753 681 800 lyllogilinQ
709 755 773 802 qui
790 750 994 802 Aristoteli
1013 756 1154 790 oraculi
1176 755 1264 790 loco
1280 754 1339 800 est,
1368 755 1492 805 paucis
1511 752 1731 790 sententiam
1747 754 1843 790 clau-

238 808 413 845 dendam.
470 809 568 844 Rem
593 807 661 843 effe
681 809 875 853 nimirum,
914 810 954 843 in
977 806 1152 844 dochinis
1179 821 1271 858 quae
1296 809 1336 844 in
1364 808 1610 857 opinionibus
1638 807 1844 845 hominum

238 861 377 913 positae
406 861 502 899 sunt,
542 862 657 898 veluti
690 860 893 898 moralibus
928 864 964 897 δε
995 863 1171 911 politicis,
1212 864 1347 899 utilem
1382 865 1418 898 δε
1447 862 1652 899 intelleehii
1684 875 1842 900 manum

239 916 426 967 quandam
446 914 670 952 auxiliarem.
729 918 873 953 Rerum
890 928 979 952 vero
1001 919 1226 954 naturalium
1246 916 1437 954 subtilitati
1474 920 1508 954 &
1539 917 1754 954 obscuritati
1777 917 1846 953 im-

239 982 364 1021 parem
385 972 419 1006 &
437 968 771 1019 incompetentem.
828 973 930 1009 Nam
959 970 1217 1020 syllogismum
1238 982 1337 1008 certe
1360 984 1402 1008 ex
1418 970 1731 1021 propositionibus
1755 984 1844 1008 con-

240 1026 342 1071 ilare,
376 1022 647 1075 propositiones
674 1037 716 1061 ex
733 1027 865 1072 verbis,
895 1026 1005 1063 verba
1033 1028 1239 1064 notionum
1269 1024 1339 1064 five
1365 1029 1482 1063 animi
1505 1036 1759 1076 conceptuum
1793 1038 1845 1064 te-

241 1080 307 1116 stes
324 1078 557 1128 &signacula
580 1079 658 1116 ess'e.
715 1081 978 1132 Quamobrem
1007 1080 1184 1119 notiones
1208 1081 1315 1133 ipsae,
1343 1093 1436 1132 quae
1469 1081 1672 1119 verborum
1699 1083 1847 1119 animae

241 1134 339 1180 sunt,
368 1132 393 1170 fi
407 1146 530 1183 vagae,
560 1134 711 1180 nesciae,
741 1148 808 1172 nee
826 1135 907 1172 satis
922 1135 1092 1173 definitae
1108 1137 1260 1183 fuerint,
1291 1136 1411 1185 (quod
1429 1138 1467 1173 in
1481 1136 1711 1186 naturalibus
1731 1137 1847 1186 longe

242 1191 404 1226 maxima
427 1202 467 1225 ex
497 1199 597 1238 parte
624 1190 703 1226 fieri
731 1190 935 1239 consuevit)
967 1193 1097 1228 onmia
1121 1204 1236 1228 ruere.
1293 1191 1442 1228 Restare
1467 1190 1739 1238 induciionem,
1768 1203 1847 1228 tan-

242 1256 357 1291 quam
374 1244 552 1281 ultimum
570 1247 606 1281 &
635 1245 790 1282 unicum
818 1246 925 1282 rebus
955 1245 1153 1283 subsidium
1183 1249 1219 1283 &
1237 1245 1469 1295 perfugium:
1500 1258 1621 1296 neque
1650 1247 1848 1292 immerito

243 1297 283 1335 in
299 1311 339 1335 ea
357 1298 433 1347 spes
448 1296 527 1335 sitas
543 1299 622 1345 effe,
646 1310 687 1336 ut
703 1313 797 1348 quae
825 1312 936 1348 opera
950 1301 1135 1338 laboriosa
1159 1304 1195 1338 &
1222 1301 1293 1337 fida
1310 1313 1435 1337 rerum
1462 1299 1633 1348 suffragia
1656 1302 1847 1350 colligere,

244 1356 281 1390 ἃ
298 1353 341 1389 ad
358 1354 591 1390 intellectum
606 1354 767 1405 perferre
783 1352 907 1406 poslit.
963 1357 1105 1394 Verum
1135 1358 1172 1393 δε
1197 1356 1302 1399 huius
1324 1367 1470 1391 nomen
1486 1356 1757 1392 tantummodo
1780 1369 1848 1392 no<

244 1419 326 1445 tum
343 1408 437 1448 αἰὲς
466 1410 543 1445 vim
560 1412 595 1444 δε
611 1410 719 1446 usum
746 1410 921 1447 homines
948 1411 1123 1447 hathnus
1152 1410 1303 1447 latuiffe.
1361 1411 1422 1447 De
1443 1408 1658 1446 induffione
1679 1412 1782 1446 enim
1798 1413 1850 1448 ita

244 1463 544 1499 decernendum:
573 1462 611 1500 in
641 1464 709 1500 usu
731 1465 808 1505 ejus
833 1474 944 1512 atque
968 1468 1081 1501 etiam
1104 1465 1228 1501 forma
1256 1465 1430 1503 homines
1453 1463 1650 1516 dupliciter
1671 1465 1840 1513 peecaffe5

245 1519 371 1568 primo
385 1518 488 1564 quod
503 1529 634 1554 morae
648 1520 898 1567 impatientes,
928 1521 963 1556 ὃς
988 1519 1210 1571 compendia
1226 1521 1370 1558 viarum
1399 1519 1566 1567 undique
1582 1517 1782 1567 lustrantes,
1812 1523 1850 1558 δε

246 1572 430 1620 quaedam
456 1573 496 1608 in
521 1582 625 1610 certo
653 1585 805 1624 ponere,
834 1575 931 1611 circa
945 1587 1039 1625 quae
1053 1585 1229 1626 tanquam
1253 1573 1348 1613 eirea
1361 1576 1472 1628 polos
1487 1573 1753 1625 disputationes
1772 1587 1851 1612 ver·

247 1636 427 1672 terentur,
456 1638 707 1678 properantes,
746 1641 828 1665 eam
856 1639 1004 1666 tantum
1026 1630 1073 1667 ad
1100 1628 1285 1679 generalia
1315 1630 1551 1668 scientiarum
1580 1628 1761 1681 principia
1789 1631 1851 1667 ad-

246 1682 461 1726 hibuemnt,
491 1682 613 1718 media
643 1695 708 1733 per
732 1682 1034 1732 syllogismorum
1047 1684 1293 1722 derivationes
1313 1683 1482 1737 expedire
1498 1694 1636 1720 temere
1652 1683 1849 1733 sperantes.

248 1736 402 1781 Rursus,
433 1737 536 1784 quod
552 1737 598 1774 de
614 1737 834 1786 syllogismo
854 1743 1034 1786 accurate,
1063 1740 1109 1777 de
1140 1740 1207 1777 hac
1232 1750 1358 1778 autem
1386 1737 1702 1777 demonstratione
1717 1738 1854 1777 cursim

247 1794 284 1827 ἃ
305 1792 541 1840 negligenter
554 1790 796 1843 inquirentCS,
824 1793 988 1831 formam
1015 1795 1179 1840 ejusdem
1204 1795 1374 1833 meditati
1390 1794 1473 1832 sunt
1488 1793 1696 1831 admodum
1716 1792 1852 1844 simpli-

248 1857 332 1882 cem
356 1848 392 1881 ὃς
416 1847 525 1895 plane
553 1848 748 1895 puerilem,
790 1861 883 1898 quae
903 1862 968 1901 per
989 1851 1317 1887 enumerationem
1345 1860 1495 1887 tantum
1523 1850 1715 1900 procedat,
1743 1860 1855 1901 atque

245 1910 440 1951 propterea
455 1903 624 1950 precario
652 1914 734 1939 non
757 1904 955 1941 necessario
975 1905 1187 1942 concludat.
1245 1907 1374 1954 Itaque
1402 1916 1488 1942 cum
1505 1903 1597 1941 circa
1626 1903 1852 1941 demonstra-

247 1957 373 1992 tiones
402 1956 486 1992 talia
507 1958 662 2005 cogitet,
691 1956 831 1994 mirum
864 1960 1009 1996 nemini
1037 1959 1155 1999 videri
1172 1960 1286 2010 poss'c,
1314 1958 1340 1997 si
1367 1959 1407 1996 in
1433 1958 1667 2011 philosophia
1695 1958 1859 1997 naturali

248 2008 417 2047 fibieum
434 2009 522 2057 aliis,
552 2010 623 2049 sive
637 2013 823 2049 veteribus
844 2011 915 2051 five
943 2017 1062 2061 novis,
1094 2028 1176 2052 non
1204 2016 1416 2052 conveniat.
1472 2016 1608 2063 Neque
1635 2015 1738 2051 enim
1771 2014 1852 2052 fieri

248 2064 348 2116 pofl'e
375 2064 490 2115 (quod
513 2067 576 2102 ille
598 2079 664 2117 per
687 2067 815 2112 jocum
838 2067 947 2118 dixit)
978 2081 1019 2106 ut
1045 2069 1146 2107 idem
1174 2069 1332 2108 sentiant
1347 2071 1411 2121 qui
1425 2081 1560 2120 aquam
1584 2071 1620 2105 ὅ(
1636 2069 1700 2117 qui
1723 2067 1854 2107 vinum

251 2118 395 2156 bibunt.
454 2121 543 2156 Illos
566 2123 669 2157 enim
696 2123 884 2173 liquorem
912 2123 1091 2162 imbibere
1119 2126 1274 2163 crudum
1292 2128 1328 2162 ὅ(
1353 2124 1603 2162 εχίιπςΠεξὶυ
1631 2125 1689 2160 vel
1719 2123 1853 2175 sponte

250 2184 483 2221 manantem,
520 2176 578 2212 vel
608 2176 781 2214 industria
802 2178 961 2229 quadam
990 2178 1180 2216 haustum:
1217 2180 1252 2217 se
1281 2190 1406 2217 autem
1437 2180 1629 2226 liquorem
1655 2190 1780 2227 parare
1814 2183 1853 2218 δε

251 2231 451 2280 propinare
467 2242 508 2266 ex
529 2230 686 2267 infinitis
710 2231 797 2278 uvis,
826 2232 940 2281 iisque
955 2236 1109 2272 maturis
1135 2234 1172 2270 ὃῑ
1196 2235 1430 2286 tempestivis,
1459 2236 1495 2271 ὃς
1520 2246 1582 2284 per
1598 2245 1765 2271 racemos
1791 2235 1851 2271 de-

253 2285 386 2333 cerptis
403 2286 632 2332 &coucam
663 2288 699 2323 ὃς
723 2286 879 2325 subinde
907 2290 947 2326 in
975 2290 1152 2326 torculari
1179 2287 1319 2339 preliis,
1347 2292 1383 2326 ὃς
1408 2291 1447 2325 in
1469 2288 1550 2326 vase
1583 2291 1785 2338 repurgatis
1814 2288 1854 2325 ὅσ

252 2338 467 2386 clarificatis,
496 2340 739 2388 constantem,
767 2341 831 2392 qui
856 2353 984 2380 tamen
1003 2345 1049 2381 ab
1072 2347 1181 2381 omni
1205 2344 1412 2383 inebriandi
1427 2344 1604 2394 qualitate
1620 2344 1852 2391 re'ciificetur,

253 2405 341 2430 cum
369 2395 424 2430 nil
458 2395 604 2443 prorsus
627 2395 898 2445 phantasiarum
926 2399 1121 2450 vaporibus
1154 2400 1291 2437 tribuat
1312 2408 1375 2436 aut
1399 2400 1597 2446 relinquat,
1653 2400 1777 2450 Quare
1804 2398 1854 2436 vi-

255 2448 339 2483 sum
354 2449 400 2485 est
417 2448 460 2495 ei,
489 2449 739 2501 philosophias
762 2451 840 2488 illas
868 2465 955 2503 quas
978 2454 1197 2498 jamdudum
1220 2453 1389 2499 diximus,
1422 2465 1503 2489 non
1532 2462 1679 2490 tantum
1700 2463 1853 2504 propter

254 2514 412 2550 operum
432 2504 673 2552 sterilitatem,
704 2505 763 2543 sed
777 2506 887 2544 etiam
908 2519 1060 2558 propter
1075 2506 1438 2545 demonstrationum
1458 2507 1715 2545 infirmitatem
1736 2510 1771 2544 ὅ(
1791 2508 1857 2546 fal—

255 2558 362 2592 lacias
383 2557 494 2605 rejici,
522 2572 610 2596 eum
626 2573 707 2597 non
722 2560 844 2599 solum
860 2575 879 2599 a
894 2563 1001 2600 rebus
1015 2563 1188 2610 desertae,
1218 2562 1279 2600 sed
1296 2566 1332 2600 ὃς
1352 2563 1398 2600 ab
1416 2564 1570 2610 auxiliis,
1599 2574 1692 2611 quae
1715 2559 1779 2600 sibi
1796 2575 1855 2615 pa-

257 2622 438 2657 raverunt,
467 2613 656 2652 destitutae
666 2628 706 2652 ae
719 2617 889 2667 proditae
903 2615 983 2654 sint.

314 2666 589 2705 coornavit
618 2672 653 2706 ὃ(
673 2670 777 2718 illud,
805 2674 919 2708 etiam
934 2671 1207 2710 deinveniendi
1222 2673 1361 2719 modis,
1382 2672 1445 2722 qui
1460 2674 1500 2710 in
1515 2671 1582 2709 usu
1593 2670 1689 2718 sunt,
1718 2670 1855 2722 separa-

258 2721 329 2757 rim
342 2721 556 2768 videndum,
585 2722 610 2759 fi
626 2725 747 2762 modo
768 2726 879 2777 aliqui
903 2725 984 2764 sint.
1038 2730 1081 2765 In
1105 2728 1173 2765 hae
1201 2731 1303 2765 enim
1319 2738 1420 2780 parte
1447 2739 1528 2764 non
1550 2736 1627 2763 tam
1651 2738 1793 2763 errores
1816 2726 1856 2763 ὅτ,

258 2776 376 2821 devia,
405 2788 517 2825 quam
543 2777 781 2816 solitudinem
811 2784 846 2817 &
867 2794 978 2820 vacua
997 2781 1156 2821 inveniri
1169 2800 1183 2825 ,ς
1213 2783 1315 2832 quod
1340 2782 1487 2832 stupore
1502 2780 1667 2830 quodam
1683 2782 1858 2818 animum

260 2831 468 2879 perculerit.
525 2832 619 2868 Non
636 2835 701 2870 ulli
717 2835 934 2874 mortalium
953 2837 1058 2874 cordi
1073 2847 1134 2875 aut
1149 2850 1256 2875 curae
1272 2837 1387 2884 fuisse,
1416 2847 1457 2874 ut
1475 2835 1617 2885 ingenii
1634 2838 1669 2872 &
1690 2836 1856 2873 intellec-

260 2896 319 2920 tus
338 2885 493 2921 humani
507 2884 600 2922 vires
620 2888 663 2923 ad
680 2899 771 2926 artes
799 2893 835 2928 δε
862 2891 1026 2929 scientias
1048 2890 1285 2929 inveniendas
1307 2894 1344 2929 ὅ(
1368 2890 1643 2941 promovendas
1667 2890 1859 2939 dirigeret,

261 2951 383 2987 eoque
403 2940 499 2976 viam
521 2939 703 2978 muniret:
733 2945 803 2982 Sed
831 2948 961 2983 omnia
988 2948 1047 2983 vel
1069 2946 1311 2984 traditionem
1340 2947 1503 2995 caligini,
1532 2946 1590 2983 vel
1619 2948 1857 2994 argumento-

262 3006 347 3029 rum
368 2992 520 3043 vestigiis
541 2997 576 3031 δε
591 2995 743 3043 turbini,
773 3001 831 3036 vel
847 3001 946 3038 casus
968 3003 1262 3053 &experientiae
1276 3000 1386 3038 undis
1408 3002 1444 3036 <Sc
1468 3000 1685 3048 ambagibus
1706 2999 1858 3050 permis-

262 3048 299 3084 sa
314 3048 383 3084 elle
402 3051 439 3084 ὃ(
454 3050 632 3097 permitti.
690 3053 816 3100 ltaque
832 3066 911 3091 non
927 3054 1001 3092 fine
1015 3056 1118 3093 eausa
1132 3057 1247 3102 fuiss'e,
1277 3055 1380 3104 quod
1404 3055 1498 3103 apud
1510 3051 1751 3106 AEgjptt'os
1780 3054 1862 3103 (qui

263 3115 387 3140 rerum
402 3114 625 3152 inventoreS,
653 3116 760 3144 more
775 3108 870 3158 apud
887 3108 1147 3160 antiquitatem
1168 3120 1331 3160 recepto,
1361 3109 1574 3148 consecrare
1589 3109 1769 3156 iblebant)
1799 3119 1859 3146 tot

430 3168 446 3181 ,,

425 3183 449 3210 a
1659 3165 1866 3202 brutorum„
