1973 3570
94 212 187 269 292
298 186 810 248 DESCRIPTIO
846 185 1095 239 GLoBI
1131 178 1764 236 INTELLECTUAL.

886 398 929 446 C
963 399 1009 443 A
1043 397 1093 442 P.
1170 387 1249 441 IV.

270 530 436 593 Incipit
461 529 684 575 trab'latus
722 522 868 591 qualis
909 520 986 586 effe
1015 520 1167 568 debeat
1189 517 1370 582 historia
1393 518 1638 583 defiderata
1661 537 1675 576 3
1719 530 1864 584 nempe

338 597 521 662 historia
539 595 760 643 naturalis
779 594 843 641 acl
862 592 1123 640 condendam
1151 588 1475 655 philcffophiam.
1549 587 1612 634 Id
1631 602 1680 633 ut
1699 589 1865 636 clarius

341 669 599 734 explicetur,
630 668 776 730 primo
812 660 1109 727 subjungitur
1154 662 1348 724 partitio
1384 657 1587 720 historiae
1615 664 1866 723 generatio-

344 756 461 785 num.
534 737 648 799 Ejus
672 732 991 797 constituuntur
1007 742 1161 794 partes
1184 734 1400 794 quinque:
1441 729 1600 774 Prima
1618 727 1866 791 coelestium.

343 807 557 862 Secunda,
595 817 838 851 meteorum.
927 799 1093 854 Tertia,
1132 813 1283 846 terrae
1328 795 1388 845 &03³
1435 803 1588 844 maris.
1664 797 1866 865 Quarta,

344 876 617 942 collegiorum
637 874 870 937 majorum,
879 871 978 935 five
1002 872 1302 917 elementorum
1318 881 1399 914 aut
1413 866 1666 930 maffarum.
1719 869 1870 937 Qtin-

345 960 408 1003 ta,
433 945 703 1011 collegiorum
727 946 945 989 minorum
967 939 1066 1004 sive
1089 938 1356 1004 specierum.
1425 935 1634 999 Historia
1650 957 1754 985 vero
1771 943 1871 985 vir-

345 1029 493 1063 tutum
511 1018 772 1080 primarum
796 1012 1003 1076 rejicitur
1028 1010 1156 1057 donec
1179 1007 1410 1072 explicatio
1425 1012 1602 1073 primae
1619 1007 1740 1056 illius
1756 1021 1873 1074 par-

348 1089 519 1133 titionis
535 1086 886 1151 generationum,
924 1081 1440 1146 praetergenerationum
1485 1075 1546 1126 &23⁹
1583 1082 1768 1138 artium,
1807 1081 1874 1144 fit

347 1155 558 1221 absoluta.

282 1278 771 1435 QUANQUAM
794 1289 881 1314 vero
905 1289 925 1314 e
949 1275 1022 1314 fide
1042 1275 1162 1313 nostra
1185 1276 1254 1313 effe
1270 1275 1473 1322 censemuS‚
1497 1274 1604 1318 huius
1635 1273 1741 1324 ipfius
1770 1274 1876 1313 histo-

446 1335 531 1381 riae,
552 1347 665 1383 quarn
680 1332 938 1378 desideramus,
965 1330 1246 1368 confectionem
1273 1342 1355 1366 non
1370 1329 1446 1366 aliis
1475 1329 1695 1379 relinquere,
1728 1330 1787 1367 scd
1809 1344 1878 1367 no-

449 1389 501 1428 bis
525 1388 605 1442 ipsis
624 1389 827 1433 desumere,
848 1396 1040 1435 propterea
1063 1385 1167 1432 quod
1191 1397 1270 1432 quo
1289 1383 1406 1433 magis
1426 1383 1515 1420 haee
1536 1397 1592 1420 res
1616 1387 1792 1422 omnium
1822 1387 1878 1422 in-

283 1446 436 1485 dustriae
455 1456 580 1494 patere
594 1445 773 1488 videatur,
799 1454 845 1478 eo
866 1442 986 1486 major
1014 1439 1130 1475 subest
1150 1450 1282 1485 metuS,
1307 1451 1354 1475 ne
1388 1439 1433 1476 ab
1461 1438 1629 1476 instituto
1657 1440 1785 1477 nostro
1813 1441 1879 1477 ab-

284 1512 407 1539 errent
423 1515 433 1542 3
461 1501 623 1545 ideoque
641 1509 723 1535 cam
739 1507 779 1534 ut
794 1494 943 1532 tertiam
958 1492 1230 1532 instaurationis
1257 1494 1400 1530 nostrae
1423 1504 1567 1545 partem
1583 1491 1851 1542 designavimus
1868 1509 1877 1532 :

285 1565 414 1593 tamen
434 1564 475 1592 ut
490 1552 697 1591 institutum
719 1551 886 1588 nostrum
913 1550 959 1586 de
988 1547 1294 1599 explicationibus
1328 1546 1398 1585 five
1424 1548 1818 1598 repraesentationibus
1838 1563 1878 1587 o-

284 1609 492 1656 miss'orum,
513 1618 695 1660 perpetuo
710 1606 890 1643 servemus
902 1622 915 1647 ‚-
946 1614 1056 1655 atque
1081 1602 1193 1640 etiam
1219 1602 1245 1640 fi
1265 1604 1355 1652 quid
1370 1602 1478 1640 nobis
1505 1604 1720 1640 humanitus
1742 1604 1880 1641 aecide-

286 1664 347 1711 rit,
368 1675 411 1701 ut
427 1663 567 1712 aliquid
583 1665 622 1700 in
637 1673 723 1699 tuto
737 1658 900 1711 positum
920 1658 960 1696 fit
971 1677 984 1702 ⁵
1015 1658 1237 1695 sententiam
1257 1657 1420 1695 nostram
1436 1660 1472 1694 ὃς
1495 1656 1646 1695 consilia
1673 1659 1720 1696 de
1748 1659 1816 1696 hae
1839 1672 1880 1696 re

288 1721 364 1766 jam
380 1719 453 1756 hoc
481 1721 569 1756 loco
592 1718 814 1766 subjungere
841 1713 961 1752 visum
990 1712 1049 1750 est.
1105 1714 1284 1750 Historiae
1312 1712 1596 1763 generationum
1627 1711 1697 1751 sive
1730 1724 1882 1751 naturae

287 1774 429 1811 solutae
444 1776 611 1822 quinque
626 1782 746 1821 partes
763 1768 1026 1807 constituimus
1043 1782 1053 1809 3
1082 1781 1144 1805 eae
1162 1767 1246 1805 sunt
1262 1769 1409 1805 historia
1426 1766 1594 1808 aetheris7
1631 1764 1784 1805 historia
1802 1781 1881 1806 me-

287 1839 486 1866 teororum
502 1831 538 1865 &
555 1829 757 1877 regionum
778 1837 867 1876 quas
880 1833 1015 1862 vocant
1039 1822 1138 1860 aeris.
1194 1823 1345 1860 Etenim
1373 1823 1531 1860 tracium
1570 1822 1805 1860 sublunarem
1836 1825 1881 1861 ad

287 1883 518 1933 superficiem
538 1882 652 1930 usque
672 1892 791 1918 terrae
807 1878 844 1915 δε
860 1891 1016 1930 corpora
1031 1877 1070 1914 in
1085 1890 1132 1914 eo
1148 1879 1278 1924 locata,
1295 1876 1462 1915 historiae
1487 1887 1749 1915 meteororum
1776 1882 1879 1915 attri-

289 1938 450 1976 buimus.
506 1939 630 1975 Etiam
647 1935 803 1974 cometis
826 1934 1078 1981 cujuscunque
1092 1935 1238 1982 generis
1266 1932 1475 1982 (uteunque
1503 1932 1539 1969 se
1563 1933 1692 1970 habeat
1716 1935 1769 1970 rei
1792 1934 1882 1971 veri-

288 1991 361 2042 tas)
388 2004 513 2030 tamen
529 1991 667 2030 ordinis
680 1990 785 2028 causa
800 1991 929 2027 locum
952 1987 1047 2024 inter
1067 1998 1234 2024 meteora
1249 1984 1484 2036 assignamus.
1542 1986 1673 2024 Tertio
1705 1987 1799 2025 subit
1828 1988 1883 2025 hi—

288 2048 397 2085 storia
415 2058 534 2085 terrae
550 2049 587 2084 ὅ(
602 2048 724 2093 maris,
747 2057 840 2094 quae
856 2043 1056 2089 conjunera
1079 2044 1237 2092 globum
1267 2043 1496 2084 constituunt
1528 2043 1696 2080 unicum.
1749 2041 1883 2092 Atque

295 2102 484 2151 hueusque
505 2114 631 2139 rerum
647 2111 775 2138 natura
789 2097 1013 2137 distribuitur
1034 2109 1076 2134 cx
1104 2097 1195 2134 loeis
1215 2099 1252 2134 δε
1271 2099 1422 2134 locatis:
1464 2098 1626 2145 reliquae
1652 2097 1745 2134 duae
1765 2108 1884 2147 partes

292 2157 503 2195 substantias
521 2169 643 2194 rerum
663 2155 905 2204 distinguunt,
932 2154 989 2190 vel
1015 2152 1141 2189 massas
1164 2155 1302 2204 potiuS.
1362 2153 1651 2201 Congregantur
1672 2151 1772 2188 enim
1801 2165 1884 2190 cor-

291 2225 384 2261 pora
404 2210 655 2250 connaturalia
669 2211 714 2248 ad
730 2211 889 2256 majores
906 2211 942 2245 ὃς
962 2209 1128 2244 minores
1145 2207 1286 2244 maffas:
1315 2219 1408 2256 quac
1430 2208 1587 2255 collegia
1603 2219 1728 2244 rerum
1744 2209 1885 2254 majora

293 2269 491 2305 &minora
506 2267 684 2316 appellare
700 2264 979 2303 consuevimuss
995 2263 1203 2313 habentque
1218 2264 1257 2299 in
1272 2261 1401 2313 politia
1415 2262 1602 2298 mundana
1618 2261 1778 2299 rationes
1788 2264 1886 2300 inter

295 2322 331 2359 se
346 2333 524 2371 tanquam
539 2321 654 2358 tribus
669 2323 705 2358 ὃς
720 2318 892 2357 familiae.
949 2320 1075 2369 Itaque
1090 2327 1225 2365 quarto
1235 2318 1367 2354 ordine
1387 2318 1540 2365 ponitur
1557 2315 1704 2353 historia
1720 2319 1880 2354 elemen-

297 2388 423 2414 torum
444 2375 515 2414 five
528 2377 782 2424 collegiorum
802 2375 1014 2418 majorum3
1043 2374 1179 2420 quinto
1203 2375 1239 2409 ὅ(
1266 2371 1402 2409 ultimo
1417 2370 1562 2407 historia
1588 2370 1789 2422 specierum
1814 2370 1884 2409 sive
1947 2392 1972 2406 ,Α

298 2433 550 2480 collegiorum
572 2430 778 2467 minorum.
835 2430 1030 2465 Elementa
1046 2428 1148 2464 enim
1165 2439 1212 2463 eo
1235 2426 1340 2463 sensu
1359 2427 1473 2475 accipi
1489 2427 1675 2472 volumus,
1695 2437 1734 2463 ut
1748 2428 1885 2463 intelli-

299 2495 431 2533 gantur
445 2498 526 2522 non
542 2486 691 2522 exordia
713 2496 850 2530 rerum,
868 2483 929 2520 sed
944 2492 1091 2518 tantum
1110 2493 1314 2532 corporum
1335 2480 1636 2517 connaturalium
1657 2480 1787 2517 mass'ae
1808 2493 1883 2518 ma—

298 2541 406 2584 jores.
462 2539 652 2585 Majoritas
668 2550 793 2577 autem
807 2538 869 2575 illa
885 2536 1015 2575 accidit
1029 2546 1181 2588 propter
1205 2546 1389 2572 texturam
1418 2537 1594 2572 materiae
1614 2536 1774 2581 facilem,
1804 2534 1884 2571 fim-

298 2595 448 2643 pliecm,
464 2595 613 2632 obviam
630 2596 666 2630 ὃ(
682 2604 862 2644 paratam3
893 2604 980 2630 cum
997 2588 1130 2640 speeies
1153 2602 1172 2626 a
1190 2600 1320 2627 natura
1340 2602 1446 2639 parce
1471 2590 1760 2641 suppeditentur,
1777 2602 1886 2640 prop-

298 2659 357 2685 ter
387 2659 568 2685 texturam
597 2645 867 2694 diffimilarem,
895 2657 1005 2694 atque
1034 2645 1071 2683 in
1100 2644 1267 2697 plurimis
1296 2646 1523 2694 organicam.
1581 2643 1771 2682 Virtutum
1796 2657 1888 2682 vero

302 2702 451 2740 illarum
466 2715 558 2749 quae
573 2701 611 2740 in
627 2714 754 2741 natura
769 2700 907 2740 censeri
921 2697 1062 2751 poss'mt
1082 2708 1260 2748 tanquam
1281 2701 1481 2736 cardinales
1496 2701 1532 2735 &
1547 2699 1759 2745 catholicae,
1773 2699 1886 2746 densi,

302 2759 387 2803 rari,
411 2756 511 2802 levis,
530 2760 657 2805 graviS,
674 2758 796 2804 calidi,
816 2755 952 2807 frigidi,
973 2753 1208 2801 consistentis,
1229 2754 1344 2800 fluidi,
1368 2753 1544 2799 similaris,
1559 2749 1794 2799 dissimilaris,
1814 2754 1893 2803 speae

304 2810 448 2857 cifieati,
475 2811 651 2860 organici,
685 2815 720 2849 ὃ(
756 2810 960 2853 fimilium3
1009 2822 1082 2847 una
1109 2812 1197 2847 eum'
1225 2811 1392 2846 motibus
1418 2809 1464 2844 ad
1487 2809 1549 2844 illa
1578 2807 1809 2854 facientibus,
1835 2809 1888 2846 uti

305 2864 517 2916 antitypiac,
559 2878 683 2912 nexus,
725 2866 913 2913 coitionis,
951 2863 1179 2914 expansionis
1221 2866 1257 2901 ὃς
1282 2866 1510 2911 reliquorum
1528 2875 1538 2901 3
1580 2860 1759 2911 (quorum
1783 2862 1888 2900 histo-

307 2921 395 2957 riam
411 2919 574 2958 omnino
594 2921 803 2969 congeri&
826 2921 963 2958 confici
996 2921 1182 2967 volumus,
1211 2920 1324 2956 etiam
1349 2916 1559 2969 priusquam
1590 2917 1634 2953 ad
1660 2929 1752 2966 opus
1781 2919 1889 2954 intel-

304 2976 418 3013 lenus
448 2973 681 3021 deveniatur)
718 2976 896 3013 virtutum
926 2978 963 3012 ὅ(
996 2984 1174 3011 motuum
1210 2974 1408 3017 historiam,
1444 2970 1593 3020 ejusque
1637 2972 1891 3009 conficiendae

305 3031 467 3067 modum
486 3040 569 3067 tum
584 3028 831 3075 tractabimus,
849 3030 1042 3077 postquam
1070 3030 1357 3077 explicationem
1385 3024 1537 3073 triplicis
1558 3025 1653 3063 illius
1668 3026 1887 3076 partitionis,

305 3084 607 3135 generationum,
628 3085 1071 3136 practergencrationum,
1096 3086 1132 3121 ὃ(
1147 3081 1282 3120 artium
1305 3079 1578 3119 absolverimus,
1636 3083 1772 3130 Neque
1788 3080 1890 3118 enim

1809 3147 1891 3172 eam
