1973 3570
120 226 218 285 223&

499 202 601 261 DE
652 203 1086 260 SECTl-ONE
1140 194 1640 255 CORPORUM'.

255 311 331 363 que
350 313 387 352 &
407 324 500 361 aqua
526 315 562 350 ὅ(
583 314 644 350 aer
673 311 824 350 seorsim
857 312 988 359 fluant,
1018 313 1058 348 in
1079 311 1241 346 mixtura
1265 319 1392 346 tamen
1420 306 1693 347 consistentiam
1716 312 1878 361 adipisei-

262 380 337 407 tur.
392 367 510 420 Quod
529 365 555 406 st
575 369 657 416 quis
680 368 847 413 objiciat,
877 368 914 404 id
937 368 1087 405 evenire
1108 365 1207 415 posse
1229 377 1270 401 cx
1287 363 1584 400 condensationc
1608 378 1744 414 aqueae
1765 370 1876 415 partis

262 436 329 476 per
352 422 482 473 friguS,
513 425 550 460 &
576 434 658 459 non
686 423 732 459 ab
758 420 1046 474 interpositione
1066 422 1181 460 a'e‘ris;
1223 420 1251 456 is
1272 418 1308 455 se
1336 419 1515 467 corriget,
1555 417 1580 455 si
1607 422 1877 459 animam-erm

264 480 381 516 etiam
401 478 573 530 spumam
597 489 735 529 corpus
764 476 882 514 simile
907 479 986 515 nivi
1013 476 1095 523 effe,
1134 475 1238 523 quod
1268 481 1394 510 tamen
1415 485 1435 509 a
1463 472 1603 523 frigore
1628 476 1737 512 nullo
1757 478 1879 513 modo

265 533 531 571 condensetur.
592 533 658 570 Sin
682 532 803 569 adhue
826 543 967 582 urgeat,
1008 534 1044 568 ὅ(
1068 533 1107 568 in
1131 529 1259 582 spuma
1283 528 1502 578 praecedere
1526 531 1878 578 condenffirionem,

264 600 348 626 non
370 600 391 625 a
419 588 572 637 frigore,
609 586 670 624 scd
690 597 818 624 tamen
843 588 888 624 ab
913 586 1119 636 agitatione
1139 588 1175 622 ὃ(
1195 580 1452 634 percuss'lone3
1484 584 1514 619 is
1537 596 1672 633 pucros
1695 586 1879 632 consulat,

264 644 333 691 qui
361 655 405 680 ex
434 644 506 680 levi
536 654 623 679 aura
652 654 717 692 per
745 642 900 679 fistulam
928 640 999 680 sive
1025 643 1211 679 calamum
1241 638 1426 691 inspirata,
1466 641 1502 675 ἃ
1532 651 1625 687 aqua
1653 641 1717 686 (ob
1746 653 1877 690 parum

266 698 415 750 saponis
443 697 666 745 admixtum)
697 699 810 746 paulo
835 699 1040 743 tenaciore,
1079 696 1216 732 miram
1246 697 1282 731 ὅ(
1312 695 1485 730 turritam
1512 694 1701 732 bullarum
1729 695 1880 733 struciu-

267 765 350 790 ram
375 751 595 790 conficiunt.
652 754 729 789 Res
757 761 885 789 autem
913 750 961 789 sie
986 751 1022 788 se
1047 751 1182 790 habers
1221 761 1383 798 corpora
1408 749 1453 785 ad
1480 750 1620 786 taeium
1648 753 1819 802 corporis
1843 764 1879 788 a·

266 809 360 845 mici
380 805 451 844 sive
470 804 598 842 similis
618 804 655 842 se
675 805 817 843 solvere
838 808 875 843 &
897 807 1030 852 laxare,
1059 806 1105 842 ad
1129 805 1269 842 caetum
1293 813 1419 840 autem
1443 804 1611 855 eorporis
1634 806 1881 843 diss'cnticntis

267 860 305 900 se
326 862 505 910 stringere
528 862 565 897 δε
585 858 772 897 sustinere.
829 862 957 908 Itaque
981 857 1255 910 appositionem
1276 859 1446 907 corporis
1468 860 1581 896 alieni
1597 860 1666 897 ess'e
1687 859 1882 898 consisten-

265 918 340 954 tiae
361 917 520 953 causam.
578 915 640 952 Sic
662 915 837 952 videmus
857 916 987 953 oleum
1014 926 1129 963 aquae
1153 911 1363 959 admistum,
1401 925 1441 951 ut
1462 914 1502 951 fit
1526 916 1564 951 in
1587 918 1801 964 unguentis,
1837 917 1882 953 li-

265 971 507 1020 quiditatem,
542 980 637 1018 quac
657 972 694 1007 &
719 972 761 1008 in
784 982 879 1018 aqua
902 973 939 1008 ὃ(
961 970 999 1007 in
1024 972 1114 1007 olco
1138 978 1246 1006 antea
1265 968 1425 1017 vigebat,
1455 970 1713 1017 quadantenus
1736 982 1881 1008 exuere.

268 1027 420 1063 Contra
450 1024 634 1066 videmus,
672 1037 857 1077 papyrum
887 1037 981 1075 aqua
1011 1024 1255 1063 madela&a111
1282 1023 1318 1060 se
1347 1021 1503 1071 solvere,
1541 1027 1578 1061 ὅ(
1608 1023 1882 1064 consistentiam

267 1080 383 1131 (quae
400 1080 452 1118 ob
473 1081 598 1117 aerem
620 1090 730 1119 antea
755 1082 795 1118 in
819 1082 920 1132 poris
943 1079 1140 1118 admistum
1163 1079 1283 1116 valida
1304 1078 1395 1125 erat)
1426 1079 1641 1128 dcponcre3
1679 1082 1769 1117 oleo
1789 1092 1884 1119 vero

266 1134 526 1182 madefaciam,
564 1136 703 1182 minus,
740 1137 827 1185 quia
851 1137 981 1173 oleum
1000 1147 1144 1187 papyro
1169 1135 1295 1171 minus
1318 1132 1540 1171 consentiat.
1596 1137 1702 1172 Idem
1727 1148 1882 1185 quoque

266 1192 310 1229 ln
329 1190 503 1227 saccharo
523 1189 694 1228 videmus
719 1193 755 1229 &
777 1189 971 1238 similibus,
1008 1203 1103 1239 quac
1123 1189 1169 1226 ad
1192 1201 1328 1236 aquam
1348 1190 1407 1226 vel
1431 1190 1563 1226 vinum
1589 1190 1883 1229 intromittenda

267 1244 306 1283 se
320 1245 457 1293 laxant,
487 1256 611 1294 neque
626 1244 751 1284 solum
765 1257 852 1283 cum
868 1248 1034 1295 liquores
1049 1247 1121 1283 illis
1139 1245 1378 1292 incumbunt,
1410 1243 1470 1281 sed
1486 1244 1638 1283 eosdem
1654 1258 1808 1296 quoque
1823 1246 1880 1284 su-

268 1310 365 1352 gunt
381 1302 419 1338 &
438 1299 582 1338 sursum
597 1301 763 1339 trahunt.

296 1404 336 1444 7.
359 1391 434 1432 ‘De
447 1404 515 1433 con
509 1393 629 1447 sbnfit
642 1402 847 1447 corporum,
868 1406 966 1447 quae
967 1392 1084 1447 finfiz
1091 1390 1278 1445 praedita
1279 1390 1392 1444 fiant,
1415 1389 1462 1434 ᾤ’
1474 1405 1571 1446 quae
1575 1393 1693 1446 sbnfit
1705 1403 1854 1433 carent.

322 1469 588 1507 Passmmzs
609 1482 830 1521 corporum,
859 1481 954 1517 quae
971 1467 1077 1504 sensu
1096 1467 1290 1513 dotantur,
1320 1468 1356 1503 ὃ(
1372 1478 1466 1515 quae
1491 1466 1595 1505 sensu
1611 1478 1750 1516 carent,
1781 1479 1883 1518 mag—

270 1535 366 1561 num
380 1523 606 1560 consensum
621 1525 780 1565 habent3
801 1521 869 1561 nisi
885 1523 989 1571 quod
1004 1521 1042 1560 in
1058 1533 1219 1573 corpore
1235 1518 1394 1558 sensibili
1406 1522 1555 1559 accedat
1571 1522 1729 1572 spiritus.
1780 1525 1883 1561 Nam

269 1579 412 1630 pupilla
428 1579 531 1616 oculi
554 1578 706 1630 speculo
726 1577 797 1617 sive
817 1580 921 1628 aquis
943 1579 1224 1628 aequiparatum
1254 1579 1290 1614 &
1313 1574 1424 1613 simili
1441 1588 1571 1615 natura
1595 1580 1776 1628 imagines
1791 1579 1883 1616 lueis

270 1635 312 1671 &
331 1645 458 1670 rerum
481 1631 682 1671 visibilium
706 1636 842 1686 excipit
865 1637 902 1671 ὅ(
925 1634 1059 1671 reddit.
1118 1634 1318 1681 Organum
1342 1643 1469 1669 autem
1492 1633 1639 1671 auditus
1661 1635 1762 1671 obici
1786 1636 1885 1672 intra

271 1689 403 1725 locum
427 1687 672 1727 cavernosum
696 1690 899 1727 conforme
919 1688 980 1736 est,
1009 1701 1029 1726 a
1046 1700 1124 1737 quo
1146 1688 1218 1725 vox
1239 1689 1276 1724 ὃς
1300 1686 1414 1725 sonus
1429 1690 1574 1737 optime
1595 1689 1757 1726 resultat.
1813 1688 1885 1727 At-

270 1743 475 1780 traffiones
503 1754 629 1781 autem
653 1756 779 1782 rerum
804 1743 1107 1791 inanimatarum,
1146 1745 1182 1780 &
1207 1741 1329 1780 rursus
1355 1743 1532 1780 horrores
1556 1742 1626 1781 sive
1652 1745 1773 1793 fugae,
1812 1744 1886 1790 (cas

271 1799 374 1845 dico,
403 1810 498 1847 quae
518 1811 560 1836 ex
576 1801 806 1850 proprietate
827 1799 937 1848 fiunt)
954 1798 993 1836 in
1015 1799 1250 1845 animalibus,
1279 1797 1432 1835 olfaetui
1449 1809 1559 1847 atque
1580 1799 1759 1836 odoribus
1773 1803 1887 1848 gratis

272 1856 310 1891 δ(
339 1851 487 1901 odiofis,
525 1856 774 1892 conveniunt.
829 1855 967 1892 ‘faetus
991 1864 1119 1891 autem
1146 1855 1244 1890 ratlo
1275 1855 1311 1889 ὅ(
1333 1853 1470 1902 gustus,
1507 1866 1678 1901 omnem,
1717 1867 1810 1902 quae
1839 1858 1884 1894 'in

271 1909 498 1960 corporibus
520 1910 737 1946 inanimatis
757 1910 925 1947 accidere
945 1906 1071 1961 possit,
1102 1919 1164 1946 aut
1187 1909 1410 1945 violentiam
1431 1919 1493 1946 aut
1520 1920 1652 1947 contra
1672 1908 1888 1948 insinuatio-

273 1975 364 2000 nem
391 1965 530 2001 almam
559 1967 596 2002 ὅ(
615 1965 788 2012 amicam,
825 1977 866 2003 ac
892 1964 1078 2002 universas
1108 1963 1314 2002 earundem
1344 1961 1558 2014 paflionum
1587 1965 1732 2015 figuraS,
1770 1969 1886 2004 veluti

272 2028 373 2057 vates
395 2029 458 2055 aut
483 2020 666 2068 interpres
690 2021 876 2071 exprimit.
933 2022 1037 2058 Nam
1063 2015 1373 2069 compressiones,
1403 2018 1647 2068 extensiones,
1685 2018 1885 2069 crofiones‚

274 2073 527 2124 separationes
542 2076 579 2111 ὃ(
601 2072 734 2112 similia
749 2076 789 2112 in
808 2075 1032 2124 corporibus
1046 2076 1210 2112 mortuis
1226 2075 1266 2110 in
1287 2075 1455 2125 processu
1477 2077 1605 2122 latent,
1634 2087 1704 2113 nec
1720 2073 1787 2111 nisi
1807 2077 1887 2126 post

275 2128 454 2166 effectum
488 2128 725 2167 manifestum
756 2131 1026 2182 percipiuntur.
1082 2132 1125 2167 In
1154 2130 1378 2167 animalibus
1412 2141 1536 2167 aurem
1566 2141 1653 2167 curn
1687 2129 1792 2168 sensu
1819 2132 1887 2169 do-

273 2185 367 2222 loris
395 2182 601 2222 secundum
625 2183 764 2222 diversa
793 2197 929 2235 genera
956 2196 1019 2222 aut
1047 2185 1271 2222 charaiteres
1299 2186 1502 2223 violentiae
1527 2195 1768 2237 peraguntur,
1806 2189 1887 2238 pei·—

274 2248 426 2277 meante
441 2250 506 2288 per
522 2240 653 2276 omnia
668 2238 809 2288 spiritu.
864 2240 996 2289 Atque
1011 2240 1058 2277 ab
1072 2241 1147 2277 hoe
1162 2241 1349 2292 principio
1364 2240 1560 2277 deducitur
1574 2242 1759 2289 cognitio,
1789 2253 1884 2279 num

274 2295 375 2332 forte
390 2293 499 2331 alicui
515 2296 768 2332 animantium
784 2293 872 2332 adsit
887 2297 983 2346 alius¹
996 2295 1181 2347 quispiam
1196 2294 1319 2332 sensus
1333 2306 1479 2347 praeter
1495 2307 1571 2341 eOS,
1601 2298 1665 2344 qui
1682 2305 1884 2338 notantur-3

274 2352 312 2387 ὃ(
332 2358 426 2397 quot
457 2351 494 2385 &
523 2350 649 2398 quales
672 2349 795 2387 sensus
815 2352 855 2387 in
884 2350 1060 2389 universo
1084 2349 1332 2387 animantium
1362 2362 1499 2400 genere
1525 2350 1594 2387 effe
1619 2347 1773 2400 possint.
1829 2353 1883 2389 Ex

273 2401 504 2454 passionibus
523 2405 628 2441 enim
642 2406 822 2442 materiae
836 2408 909 2443 rite
923 2405 1100 2443 distinctis
1120 2404 1293 2454 sequetur
1309 2416 1488 2443 numerus
1503 2404 1692 2454 sensuum,
1721 2403 1747 2442 si
1762 2408 1884 2444 modo

275 2470 418 2508 organa
433 2468 651 2509 competant
673 2461 710 2497 δί
724 2461 873 2498 accedat
892 2460 1052 2513 spiritus.

332 2550 369 2589 8.
399 2549 472 2590 ‘De
484 2558 587 2590 motu
600 2551 785 2601 violento,
814 2548 1091 2607 quodsttfuga,
1121 2549 1169 2596 ὠ
1180 2551 1408 2606 discurfiatio
1416 2554 1595 2607 partium
1605 2554 1663 2592 rei
1667 2561 1830 2607 propter

729 2606 954 2662 preffuram‚
982 2607 1076 2648 licet
1090 2608 1245 2647 minime
1260 2607 1435 2660 visibilis.

331 2680 508 2719 Morus
532 2684 721 2721 violentus
738 2684 867 2733 (quem
886 2684 1039 2732 vocant)
1064 2695 1128 2734 per
1148 2696 1262 2733 quem
1283 2680 1445 2731 missilia,
1475 2695 1517 2722 ut
1542 2684 1690 2735 lapidCS‚
1720 2683 1883 2733 sagittae,

277 2735 386 2785 globi
409 2735 533 2782 ferrei,
562 2740 599 2774 ὅ(
622 2736 754 2776 similia
776 2751 843 2790 per
868 2741 992 2776 aerem
1012 2740 1156 2787 volant,
1184 2739 1264 2776 fere
1287 2742 1465 2777 omnium
1488 2750 1665 2776 motuum
1689 2738 1738 2775 est
1761 2741 1884 2790 vulga-

276 2786 451 2828 tissimus.
508 2790 638 2839 Atque
661 2794 701 2829 in
718 2793 827 2840 hujus
849 2804 977 2832 tamen
993 2793 1255 2832 observatione
1271 2792 1562 2844 &inquisitione
1581 2794 1718 2830 miram
1739 2796 1775 2832 ὅ(
1790 2794 1885 2847 supi-

278 2857 368 2882 nam
392 2846 663 2895 negligentiam
679 2848 883 2887 hominum
901 2859 1036 2887 notate
1052 2850 1153 2886 licet.
1210 2851 1348 2898 Neque
1362 2861 1479 2900 parvo
1498 2849 1732 2886 detrimento
1747 2851 1786 2886 in
1802 2862 1886 2887 mo-

279 2911 338 2938 tus
353 2901 451 2938 istius
471 2910 601 2939 natura
617 2904 654 2938 &
675 2904 855 2953 potestate
879 2904 1129 2954 investiganda
1152 2903 1382 2946 offenditur;
1411 2916 1499 2941 cum
1522 2904 1568 2939 ad
1584 2902 1731 2941 infinita
1754 2903 1796 2941 sit
1815 2904 1885 2943 uti-

276 2956 336 3001 lis,
373 2958 410 2993 ὅ(
433 2957 648 3003 tormentis,
684 2958 881 3005 machinis,
918 2961 954 2997 &
979 2959 1168 2997 universae
1194 2962 1248 2997 rei
1274 2959 1512 2996 mechanicae
1534 2956 1577 2994 sit
1601 2956 1714 2995 instar
1740 2959 1885 2998 animae

278 3011 316 3046 δε
336 3012 444 3048 vitae.
500 3011 656 3048 Plurimi
681 3022 806 3049 autem
828 3013 862 3050 sc
885 3014 1102 3065 perfunctos
1122 3012 1364 3063 inquisitione
1384 3023 1528 3063 putant,
1557 3011 1583 3048 fi
1604 3024 1755 3051 motum
1776 3017 1885 3052 illum

277 3065 492 3103 violentum
515 3065 584 3103 effe
604 3068 866 3116 pronuntient,
896 3070 932 3105 ὃς
948 3081 967 3105 a
991 3069 1150 3106 naturali
1169 3069 1403 3118 distinguant.
1459 3067 1590 3117 Atque
1611 3070 1641 3104 is
1662 3068 1749 3106 sanc
1763 3070 1812 3106 est
1826 3069 1884 3107 A·

277 3116 461 3171 ristotelis
482 3122 519 3160 ὅ(
541 3120 688 3162 scholae
703 3121 780 3170 cius
802 3133 887 3160 mos
901 3121 1072 3174 proprius
1087 3125 1125 3161 ὃ(
1139 3123 1344 3174 disciplina,
1374 3135 1503 3162 curare
1526 3133 1567 3161 ut
1583 3122 1743 3162 habeant
1763 3125 1885 3163 homi<

1818 3192 1881 3216 HCS
