1973 3570
258 222 682 284 HISTORIA
737 222 1006 271 VITAE
1060 223 1164 271 ET
1216 226 1573 278 MORTIS.
1764 253 1855 303 151

146 334 209 378 73.
243 327 507 378 SEQUITUR
542 324 736 375 inquisitio
763 326 811 363 de
839 326 1076 365 fraenatione
1099 338 1228 366 motus
1251 328 1426 379 spiritus;
1457 342 1584 371 motus
1614 334 1716 376 enim

88 379 290 419 manifesto
319 394 407 419 eum
433 392 605 419 attenuat
630 384 667 419 ὃς
692 379 887 423 incendit3
926 384 989 420 illa
1021 383 1208 421 fraenatio
1242 384 1283 422 fit
1302 387 1436 424 tribus
1465 389 1617 426 modis:
1654 404 1719 441 per

91 437 300 487 somnum3
330 449 396 489 per
425 438 674 475 evitationem
699 437 839 474 laboris
862 437 1111 486 vehementis,
1142 450 1205 477 aut
1221 442 1388 478 exercitii
1405 443 1530 490 nimii,
1556 444 1722 494 denique

85 494 214 530 omnis
236 488 465 531 lassitudinis
486 507 494 530 ε
523 495 560 530 &
579 505 645 543 per
662 491 942 530 cohibitionem
966 493 1170 533 affectuum
1186 497 1448 535 molestorum.
1505 498 1568 537 Ac
1591 503 1720 550 primo

85 549 135 586 de
158 548 311 586 somno.

141 614 205 654 74.
238 605 264 641 F
275 617 332 642 AB
343 614 441 641 ULA
457 603 569 641 habet
585 603 854 655 Epimenidem
872 603 911 642 in
933 616 1044 643 antro
1059 607 1184 655 plures
1199 617 1319 644 annos
1335 607 1563 657 dormivisse,
1594 624 1718 662 neque

85 660 275 698 alimento
295 659 445 709 eguisse,
476 671 565 696 cum
581 658 727 709 spiritus
744 660 844 697 inter
860 661 1133 699 dormiendum
1151 662 1276 700 minus
1301 663 1482 715 depascat.

137 725 202 764 75.
233 717 590 752 EXPERIENTIA
626 715 742 752 docet
779 716 956 754 animalia
986 718 1182 766 quaedam,
1224 718 1362 767 (qualia
1392 718 1477 756 sunt
1511 719 1648 759 sorices
1678 726 1714 761 ὃς

77 770 389 822 vespertiliones,)
429 771 470 807 in
505 771 730 819 quibusdam
765 772 860 808 locis
889 771 1057 820 occlusis,
1097 786 1163 825 per
1197 775 1389 823 integram
1416 774 1596 823 hyemem
1626 779 1712 815 dor-

77 828 198 867 mire3
227 826 324 863 adeo
342 825 499 863 somnus
513 826 847 876 depraedationem
876 826 1028 865 vitalem
1055 829 1289 881 compescit3
1319 830 1561 879 quodetiam
1589 832 1711 871 facere

77 887 258 934 putantur
287 894 371 934 apes
397 883 434 919 &
457 880 544 929 fuci,
575 884 664 919 licet
685 882 916 931 quandoque
938 896 958 921 a
979 885 1094 922 melle
1117 885 1281 922 destituti
1300 899 1308 922 :
1338 885 1474 924 itidem
1494 889 1707 937 papiliones

82 940 121 977 ὅ(
137 938 296 976 muscae.

135 995 199 1043 76.
234 995 434 1031 SOMNUS
471 991 552 1044 post
590 991 805 1045 prandium,
849 992 1137 1032 ascendentibus
1171 997 1213 1032 in
1247 1006 1358 1046 caput
1391 997 1593 1050 vaporibus
1623 1012 1707 1038 non

76 1049 247 1099 ingratis,
291 1050 439 1100 (utpote
468 1050 600 1097 primis
624 1048 773 1085 roribus
803 1046 1005 1096 ciborum,)
1047 1048 1233 1100 spiritibus
1261 1051 1422 1103 prodest,
1466 1053 1527 1090 sed
1557 1054 1603 1091 ad
1631 1057 1702 1093 alia

75 1107 220 1153 omnia,
250 1118 346 1154 quae
374 1104 420 1140 ad
449 1103 649 1140 sanitatem
674 1105 880 1152 pertinent,
911 1106 1032 1153 gravis
1054 1105 1103 1142 est
1127 1107 1164 1142 &
1197 1109 1358 1148 noxius3
1389 1118 1555 1145 attamen
1585 1111 1624 1146 in
1649 1124 1706 1148 ex-

75 1171 198 1198 trema
222 1160 411 1198 senestutc
427 1159 559 1195 cadem
580 1159 628 1196 est
651 1160 749 1195 ratio
771 1159 845 1196 cibi
868 1161 905 1196 δί
934 1159 1085 1201 somni3
1118 1162 1206 1209 quia
1235 1161 1416 1210 frequens
1442 1163 1512 1199 effe
1533 1164 1644 1201 debet
1671 1168 1708 1204 ὅς

74 1214 230 1254 τεῑεᾶἰο
259 1218 297 1253 &
327 1216 528 1260 dormitio,
559 1213 621 1251 sed
651 1215 772 1251 brevis
797 1217 835 1252 &
854 1213 1007 1264 pusilla:
1039 1217 1251 1264 quinetiam
1282 1218 1327 1254 ad
1351 1218 1530 1254 ultimam
1558 1230 1704 1257 metam

72 1271 285 1319 feneitutis,
315 1282 419 1308 mera
447 1271 553 1319 quies
581 1272 619 1307 &
632 1280 834 1322 perpetuus
849 1269 950 1318 quasi
965 1271 1163 1309 decubitus
1180 1273 1341 1324 prodest,
1370 1272 1594 1324 praesertim
1609 1285 1704 1312 tem-

76 1327 234 1380 poribus
251 1325 498 1375 hyemalibus.

131 1393 195 1432 77.
227 1383 412 1421 VERUM
441 1392 483 1419 ut
517 1381 672 1419 somnus
697 1381 915 1419 moderatus
950 1381 995 1418 ad
1017 1383 1361 1433 prolongationem
1395 1385 1493 1422 vitae
1522 1383 1625 1431 facit,
1655 1385 1708 1423 ita

75 1439 203 1477 multo
217 1440 350 1488 magis,
379 1435 404 1474 si
421 1436 461 1474 fit
482 1437 650 1487 placidus
667 1439 704 1475 &
723 1449 807 1474 non
831 1437 1016 1475 turbidus
1573 1467 1577 1469 .

128 1494 192 1543 78.
225 1494 447 1532 SoMNUM
474 1492 667 1543 placidum
699 1493 921 1539 conciliant,
950 1493 1062 1539 viola,
1103 1493 1255 1541 laetuca,
1302 1494 1537 1543 (praesertim
1567 1493 1705 1546 coita)

73 1550 228 1602 syrupus
257 1562 279 1587 e
306 1548 396 1587 rosis
422 1547 535 1596 siccis,
574 1561 720 1595 crocus,
760 1549 912 1595 melissa,
951 1560 1067 1601 poma
1097 1549 1138 1586 in
1168 1550 1332 1587 introitu
1361 1549 1457 1596 lecti,
1488 1549 1565 1588 offa
1593 1553 1702 1599 panis

72 1619 117 1644 ex
131 1607 225 1645 vino
241 1607 456 1651 malvatico,
485 1603 704 1654 praesertim
728 1603 851 1641 infusa
871 1605 972 1654 prius
996 1603 1078 1641 rosa
1102 1604 1345 1642 muscarella:
1376 1607 1503 1654 itaque
1527 1606 1619 1643 utile
1646 1607 1703 1644 fo-

69 1671 141 1709 ret,
169 1660 356 1699 conficere
377 1662 543 1709 aliquem
559 1660 728 1712 pilulam,
758 1661 818 1698 vel
847 1661 1014 1708 aliquem
1038 1660 1208 1698 haustum
1233 1673 1391 1712 parvum
1421 1673 1463 1698 ex
1485 1660 1703 1706 hujusmodi

71 1718 193 1765 rebus,
222 1718 416 1765 coquenti
433 1717 682 1753 familiariter.
738 1716 864 1752 Etiam
894 1728 935 1752 ea
967 1727 1062 1764 quae
1086 1727 1129 1752 os
1156 1717 1358 1753 ventriculi
1385 1717 1481 1753 bene
1505 1716 1701 1764 claudunt,

72 1783 114 1811 ut
140 1772 269 1810 semen
293 1772 484 1809 coriandri
514 1780 786 1824 praeparatum,
825 1781 1003 1817 cotonea,
1035 1773 1072 1808 ὅ(
1100 1783 1191 1822 pyra
1220 1771 1421 1820 fragrantia
1452 1771 1569 1818 affata,
1602 1771 1702 1809 som-

70 1840 168 1866 num
179 1827 366 1865 inducunt
380 1827 598 1879 placidum3
628 1836 714 1864 ante
731 1828 875 1873 omnia,
907 1827 1062 1870 juvenili
1078 1836 1209 1873 aetate,
1240 1829 1456 1864 &maxime
1472 1827 1529 1873 iis,
1560 1828 1625 1875 qui
1641 1827 1703 1865 ha-

73 1884 165 1921 bent
187 1883 444 1921 ventriculum
470 1881 555 1920 satis
578 1882 736 1930 fortem,
764 1880 915 1934 prodest
943 1881 1090 1920 haustus
1117 1882 1240 1919 bonus
1256 1894 1373 1931 aquae
1392 1894 1518 1932 purae,
1550 1882 1701 1931 crudae,

76 1940 117 1976 in
133 1940 298 1976 introitu
314 1937 414 1975 lecti.

127 1991 380 2032 Mandatum.
436 1995 506 2031 DE
535 1991 654 2031 ecstasi
680 1993 895 2031 voluntaria
919 1991 989 2032 five
1005 2002 1216 2045 procurata,
1247 2004 1360 2042 atque
1382 1992 1430 2030 de
1458 1993 1702 2042 cogitationi-

73 2049 141 2089 bus
161 2049 288 2088 defixis
304 2052 342 2087 ὅ(
356 2049 568 2102 profundis,
600 2049 736 2097 (modo
756 2047 826 2086 fint
841 2048 977 2098 absque
998 2049 1194 2097 molestia)
1229 2049 1327 2086 nihil
1343 2049 1465 2086 habeo
1486 2049 1674 2097 comperti
1691 2061 1704 2089 ;

37 2113 42 2117 “
72 2105 218 2144 faciunt
251 2106 506 2155 proculdubio
535 2105 581 2142 ad
611 2106 883 2151 intentionem,
915 2107 952 2142 ὃς
981 2104 1138 2142 densant
1169 2104 1329 2154 spiritus,
1360 2105 1476 2141 etiam
1504 2104 1702 2155 potentius

75 2173 193 2210 quam
216 2160 373 2198 somnus
391 2175 399 2198 :
430 2172 519 2198 cum
536 2159 660 2198 sensus
676 2173 806 2209 aeque,
837 2170 900 2198 aut
921 2162 1039 2210 magis
1060 2160 1210 2210 sopiant
1227 2162 1264 2198 ὅ(
1279 2159 1504 2210 suspendant
1522 2172 1530 2195 z
1561 2157 1608 2194 de
1627 2155 1703 2194 illis

74 2217 287 2265 inquiratur
303 2217 472 2255 ulterius.
529 2216 663 2264 Atque
677 2216 725 2253 de
740 2215 881 2253 somno
906 2215 1096 2254 haetenus.

129 2281 194 2321 79.
226 2273 495 2325 QUATENUS
524 2271 571 2309 ad
596 2281 751 2308 motum
780 2273 818 2308 &
839 2272 1014 2307 exercitia
1028 2288 1042 2313 ,-
1073 2266 1252 2307 laffitudo
1281 2278 1408 2315 nocet,
1439 2277 1552 2315 atque
1571 2276 1703 2305 motus

77 2329 116 2365 δ(
137 2329 369 2374 exercitatio,
413 2339 508 2377 quae
542 2325 592 2364 est
623 2327 740 2363 nimis
773 2326 906 2363 celeris
935 2327 972 2362 δε
1000 2326 1123 2371 velox,
1166 2325 1293 2372 quales
1322 2323 1407 2361 sunt
1437 2322 1572 2369 cursus,
1614 2321 1702 2371 pila,

73 2383 311 2432 gladiatoria,
342 2385 379 2421 ὅ(
406 2381 565 2420 similia:
593 2382 641 2418 Et
671 2380 794 2419 rursus
825 2391 914 2418 cum
944 2380 1107 2429 impetus
1128 2379 1344 2416 extenditur
1365 2378 1411 2415 ad
1436 2379 1588 2415 ultimas
1603 2379 1702 2415 vires

75 2440 115 2476 &
136 2440 256 2485 nixus,
287 2440 414 2487 quales
444 2438 529 2477 sunt
554 2436 677 2485 saltus,
706 2437 818 2483 Iusta,
846 2437 885 2474 ὅ(
910 2432 1055 2472 similia.
1114 2435 1280 2472 Certum
1308 2435 1416 2471 enim
1447 2431 1508 2480 est,
1552 2432 1703 2482 spiritus

75 2495 119 2532 in
138 2494 314 2544 angustiis
330 2491 481 2543 positos,
509 2494 569 2532 vel
584 2505 651 2545 per
670 2493 938 2544 pernicitatem
958 2501 1099 2537 motus,
1128 2490 1189 2529 vel
1211 2502 1278 2542 per
1293 2490 1451 2528 ultimos
1466 2490 1586 2535 nixus,
1615 2486 1698 2526 fieri

75 2549 202 2602 postea
231 2551 349 2599 magis
378 2561 479 2586 acres
512 2551 549 2587 δε
585 2548 855 2601 praedatorios.
911 2546 965 2583 Ex
995 2546 1110 2582 altera
1137 2555 1254 2597 parte,
1292 2542 1477 2591 exercitia,
1517 2554 1612 2593 quae
1646 2542 1695 2580 sa-

74 2607 123 2643 tis
149 2604 293 2642 fortem
308 2606 410 2642 cient
426 2613 591 2650 motum,
621 2602 778 2642 sednon
805 2600 918 2639 nimis
934 2601 1109 2648 celerem,
1138 2611 1202 2638 aut
1223 2600 1269 2639 ad
1285 2601 1436 2637 ultimas
1454 2601 1566 2647 vires,
1598 2597 1699 2646 (qua-

75 2661 131 2706 les
146 2661 230 2698 sunt
253 2659 413 2701 saltatio,
443 2658 646 2709 sagittati0‚
676 2659 875 2709 equitatio,
903 2655 1004 2694 lusus
1026 2657 1242 2706 globulum,
1273 2658 1311 2694 ὃς
1333 2653 1479 2704 similia)
1502 2654 1601 2692 nihil
1616 2649 1699 2690 offi-

77 2718 199 2763 ciunt,
230 2715 291 2753 sed
312 2715 471 2765 prosunt
486 2716 624 2766 potius.

134 2772 454 2810 VENIENDUM
482 2771 558 2816 jam
578 2769 624 2807 ad
652 2769 804 2808 affectus
833 2770 870 2806 ὅ(
892 2762 1081 2819 pafliones
1104 2765 1234 2815 animi,
1263 2765 1535 2814 &videndum,
1563 2763 1628 2813 qui
1656 2774 1701 2800 ex

81 2824 163 2878 ipsis
177 2827 224 2864 ad
243 2827 537 2877 longaevitatem
558 2822 629 2862 fint
643 2825 760 2872 noxii,
789 2825 855 2873 qui
871 2823 993 2860 utiles.

137 2881 201 2919 80.
233 2882 438 2920 GAUDIA
467 2893 605 2930 magna
637 2889 834 2918 attenuant
865 2881 902 2916 ὅ(
930 2877 1150 2916 diffundunt
1175 2877 1336 2930 spiritus,
1365 2880 1402 2915 &
1426 2877 1543 2915 vitam
1571 2874 1701 2911 abbre-

81 2938 210 2974 viant:
246 2939 388 2976 laetitia
409 2935 602 2975 familiaris
629 2937 788 2974 roborat
812 2932 975 2986 spiritus,
1013 2934 1210 2974 evocando
1240 2946 1318 2981 eos,
1346 2944 1417 2970 nec
1439 2941 1569 2968 tamen
1598 2930 1701 2967 exol-

83 2992 221 3030 vendo.

139 3047 202 3085 81.
235 3048 594 3086 IMPRESSIONES
627 3044 854 3097 gaudiorum
887 3043 1083 3093 sensuales,
1122 3045 1267 3085 malam
1310 3037 1583 3080 ruminationes
1611 3050 1698 3088 gau.-

79 3102 234 3141 diorum
250 3101 290 3140 in
305 3105 504 3153 memoria,
534 3112 597 3142 aut
610 3099 877 3155 prehensiones
891 3112 1027 3140 eorum
1043 3114 1087 3140 ex
1107 3100 1168 3154 spe
1183 3101 1243 3142 vel
1257 3094 1621 3188 phantasia,8boqsle.

1490 3160 1524 3188 2.
1601 3156 1696 3187 AGIS
