1973 3570
108 201 204 263 298

294 196 818 246 DESCRIPTIO
861 195 1082 242 GLOBI
1117 193 1796 244 INTELLECTUAL.

273 297 397 347 itaque
420 298 546 349 primo
570 294 770 344 quaeritur,
795 305 841 331 an
862 291 903 330 fit
931 302 1091 329 vacuum
1118 300 1379 328 coacervatum
1406 290 1446 328 in
1475 291 1595 342 spatiis
1623 294 1868 333 interstellari-

277 354 365 390 bus?
398 352 439 389 Id
454 352 558 400 quod
586 348 786 388 Gilbertus
812 347 946 386 diserte
977 346 1112 396 posuit,
1139 355 1251 393 atque
1280 346 1396 382 etiam
1419 348 1665 395 antiquorum
1693 352 1871 388 nonnulli

273 421 315 445 ex
337 409 392 453 iis,
416 406 480 455 qui
508 406 643 456 globos
660 403 775 454 spargi
789 401 864 440 fine
888 402 1077 451 systemate
1093 401 1237 449 opinati
1260 399 1357 446 sunt,
1377 401 1535 438 innuere
1550 402 1742 445 videntum
1773 417 1872 454 prae-

275 461 401 499 sertim
416 461 452 509 ii,
474 463 540 509 qui
556 460 736 498 astrorum
765 469 924 510 corpora
955 456 1148 505 compasta
1176 454 1362 492 asseruere.
1420 455 1564 506 Opinio
1593 460 1674 494 talis
1703 460 1762 506 cst,
1792 462 1872 509 glo*

276 518 344 555 bos
367 516 556 554 universos
571 526 648 553 tam
669 515 769 560 astra,
790 524 903 562 quam
919 523 1066 558 terram,
1090 522 1133 547 ex
1162 511 1318 546 materia
1345 509 1462 547 solida
1491 514 1527 548 ὅ(
1556 512 1667 550 densa
1695 513 1869 552 constare.

274 573 364 610 Illos
392 582 516 609 autem
553 569 591 608 in
617 568 790 619 proximo
823 565 1045 605 circumdari
1076 577 1214 614 genere
1248 564 1415 613 quodam
1439 577 1655 616 corporum,
1684 581 1777 616 quae
1804 567 1874 607 fint

275 625 339 677 ipsi
359 627 478 676 globo
497 627 729 674 aliquatenus
750 623 1019 667 connaturalia,
1044 620 1105 658 sed
1133 630 1262 657 tamen
1290 618 1407 668 magis
1431 621 1659 672 imperfeera,
1689 623 1873 674 languida,

277 685 313 719 ὃ(
333 693 533 728 attenuata,
564 691 732 728 quaeque
756 679 810 715 nil
831 677 930 714 aliud
958 674 1027 712 sint
1051 687 1165 724 quam
1185 674 1390 724 globorum
1409 675 1576 724 ipsorum
1600 674 1749 714 effluvia
1778 681 1814 716 ὅ(
1839 693 1874 716 e-

276 735 535 775 manationem
566 736 687 783 qualia
703 733 787 770 sunt
817 743 967 783 vapores
988 733 1024 766 &
1053 730 1198 775 halitus,
1222 740 1333 777 atque
1362 730 1457 766 adeo
1491 733 1552 767 aer
1578 733 1665 780 ipse,
1696 731 1722 768 fi
1749 734 1875 771 confe-

276 802 405 828 rantur
439 801 557 827 terrae
576 807 589 832 ς
632 789 721 825 hacc
753 783 902 823 cffluvia
936 785 981 821 ad
1016 784 1223 820 distantiam
1254 785 1349 820 circa
1378 797 1690 835 unumquemque
1716 789 1877 835 globum

277 859 358 883 non
389 856 566 894 magnam
588 842 812 892 pertingere,
833 841 1020 890 reliquum
1049 838 1289 875 intervallum
1315 838 1438 888 (quod
1462 841 1578 889 longe
1603 838 1876 893 ampliffimum

277 899 343 949 cst)
361 901 470 936 inane
486 898 566 935 ess‘e.
626 899 702 935 Cui
722 893 898 948 opinioni
922 893 1014 931 illud
1034 893 1150 930 fidem
1173 891 1329 929 astruere
1357 890 1484 942 possit,
1508 897 1611 944 quod
1634 909 1677 933 ex
1705 907 1783 933 tam
1808 897 1876 935 im-

278 954 404 991 mensa
421 952 587 990 distantia
602 963 762 1001 corpora
781 950 965 987 astrorum
988 945 1281 999 conspiciuntur.
1340 949 1379 984 Si
1408 951 1514 986 enim
1542 952 1758 988 universum
1781 953 1876 991 illud

277 1010 436 1061 spatium
457 1010 614 1058 plenum
643 1007 741 1052 effet,
773 1003 988 1056 praesertim
1021 1014 1239 1054 corporum,
1265 1014 1361 1050 quae
1383 1004 1636 1052 proculdubio
1665 1005 1812 1044 raritate
1839 1011 1878 1045 Ee

277 1062 458 1101 densitate
469 1064 577 1101 valde
592 1060 797 1110 inaequalia
822 1059 919 1106 sunt,
952 1068 1054 1096 tanta
1076 1058 1176 1094 foret
1196 1056 1387 1094 radiorum
1403 1059 1588 1107 reftastio,
1613 1071 1655 1098 ut
1683 1061 1728 1097 ad
1757 1060 1876 1100 visum

276 1119 447 1156 nostrum
463 1117 672 1168 pertingere
693 1129 773 1153 non
794 1111 947 1167 possint,
967 1124 1081 1161 quam
1117 1109 1143 1148 fi
1161 1114 1276 1161 longe
1303 1114 1466 1150 maxima
1483 1115 1560 1160 ejus
1588 1114 1690 1165 spatii
1718 1128 1798 1165 pars
1821 1130 1877 1154 va-

276 1185 345 1211 cua
365 1171 418 1220 fit,
442 1173 587 1211 facilius
603 1173 687 1210 sane
703 1171 861 1223 perferri
876 1168 1172 1207 consentaneum
1188 1166 1247 1204 est.
1303 1167 1436 1215 Atque
1456 1181 1581 1207 revera
1601 1172 1691 1208 haec
1716 1173 1879 1222 quaestio

277 1240 414 1278 magna
431 1241 473 1265 ex
493 1239 594 1278 parte
609 1227 787 1281 pendebit
814 1238 857 1262 ex
871 1223 1083 1276 quaestione
1098 1234 1212 1270 quam
1235 1221 1352 1260 statim
1368 1223 1594 1262 adducemus
1609 1226 1655 1262 de
1682 1225 1878 1265 substantia

276 1284 474 1330 stellarum,
500 1297 547 1320 an
579 1282 619 1320 fit
651 1282 762 1320 densa
787 1282 844 1317 vel
873 1277 995 1316 tenuis
1026 1280 1063 1315 &
1091 1278 1297 1327 explicata?
1338 1279 1442 1315 Nam
1470 1276 1496 1315 fi
1526 1279 1722 1318 substantia
1749 1293 1877 1320 earum

277 1336 319 1375 fit
335 1337 460 1385 solida,
475 1337 658 1376 videbitur
675 1337 802 1385 utique
819 1346 950 1373 natura
964 1335 1060 1370 circa
1074 1333 1208 1382 globos
1224 1344 1435 1379 eorumque
1457 1335 1622 1372 confinia
1644 1346 1877 1374 tantummo-

278 1394 331 1430 do
346 1393 422 1431 fere
439 1404 617 1443 occupata
641 1392 709 1430 effe
730 1395 765 1429 <Sc
790 1389 956 1428 solicita:
1001 1387 1114 1436 spatia
1143 1398 1235 1424 vero
1258 1388 1515 1432 interjacentia
1537 1389 1715 1438 deserere,
1746 1393 1783 1427 ἃ
1798 1403 1876 1429 tan-

279 1461 395 1495 quam
417 1447 643 1498 permittere.
700 1450 827 1497 Itaque
850 1457 931 1481 non
959 1441 1124 1479 abfimile
1151 1452 1241 1478 vero
1272 1440 1395 1488 fuerit,
1425 1443 1562 1491 globos
1585 1448 1682 1483 eirca
1703 1457 1876 1484 centrum

280 1500 476 1554 spissiorcS,
502 1501 596 1539 eirca
630 1501 857 1551 superficiem
881 1500 1050 1543 laxiores,
1070 1498 1113 1534 in
1140 1496 1393 1533 ambientibus
1422 1501 1458 1534 ὅ(
1487 1495 1647 1537 effluviis
1673 1499 1772 1549 quasi
1792 1502 1877 1539 defi—

278 1560 431 1604 cientes,
464 1560 503 1594 in
532 1569 650 1595 vacuo
678 1556 831 1593 tandem
847 1553 1052 1591 terminari.
1113 1552 1274 1598 Contra,
1303 1549 1329 1587 fi
1357 1562 1485 1589 natura
1500 1554 1681 1592 astrorum
1699 1554 1741 1592 fit
1756 1556 1877 1595 tenuis

280 1615 317 1649 δε
337 1613 522 1659 flammea,
543 1610 729 1662 apparebit
746 1620 917 1647 naturam
938 1606 1059 1646 tenuis
1078 1619 1159 1644 non
1177 1606 1247 1643 effe
1267 1605 1514 1645 solummodo
1534 1607 1633 1646 denfi
1662 1611 1877 1648 decremen-

280 1677 377 1714 tum,
406 1667 467 1704 scd
495 1680 559 1716 per
590 1667 625 1705 se
653 1677 850 1719 potentem
875 1667 911 1702 &
939 1662 1166 1714 primariam,
1194 1674 1277 1699 non
1305 1663 1430 1699 minus
1458 1676 1572 1711 quam
1601 1676 1771 1703 naturam
1796 1667 1877 1704 soli-

277 1723 330 1769 di,
360 1735 516 1771 eamque
539 1725 574 1760 &
599 1724 638 1760 in
661 1722 771 1759 stellis
796 1718 877 1771 ipsis
899 1721 933 1756 δε
962 1718 1000 1755 in
1028 1718 1189 1763 aethere,
1214 1719 1251 1753 δε
1272 1718 1312 1752 in
1328 1719 1409 1754 aete
1424 1720 1560 1767 vigere,
1599 1731 1661 1757 aut
1677 1733 1795 1758 vacuo
1810 1721 1877 1759 illo

278 1788 495 1814 coacervato
511 1791 591 1815 non
608 1776 647 1816 fit
665 1790 769 1829 opus.
828 1773 1010 1813 Pendebit
1033 1785 1184 1824 quoque
1200 1770 1259 1808 ista
1275 1770 1438 1819 quaestio
1462 1775 1508 1809 de
1537 1786 1655 1812 vacuo
1686 1777 1726 1812 in
1756 1775 1877 1826 spatiis

279 1832 576 1870 interstellaribus
599 1846 640 1869 ex
660 1833 872 1884 quaestione
888 1831 962 1876 illa,
986 1840 1081 1877 quae
1095 1829 1258 1877 pertinet
1279 1827 1325 1862 ad
1344 1827 1525 1879 principia
1548 1840 1713 1878 naturae,
1742 1843 1788 1868 an
1815 1834 1877 1869 de-

279 1899 340 1924 tur
356 1900 526 1925 vacuum.
585 1890 722 1936 Neque
752 1897 878 1924 tamen
908 1885 981 1922 h'oe
1011 1883 1132 1936 ipsum
1166 1879 1233 1918 nifi
1254 1881 1419 1918 adhibita
1453 1883 1700 1923 distinffione.
1756 1888 1876 1924 Aliud

279 1945 384 1979 enim
421 1941 469 1979 est
497 1956 631 1993 negare
669 1955 826 1980 vacuum
855 1938 1081 1990 simpliciter,
1123 1937 1224 1975 aliud
1253 1948 1390 1985 negare
1419 1950 1577 1975 vacuum
1605 1951 1875 1980 coacervatum,

278 1998 411 2046 Longe
428 1999 531 2034 enim
545 1998 726 2034 firmiores
746 1997 831 2034 sunt
858 2008 921 2033 eae
937 1993 1111 2040 rationes,
1137 2004 1231 2042 quae
1251 1992 1383 2029 adduci
1410 1993 1559 2045 possunt
1579 1997 1624 2033 ad
1638 1995 1876 2035 astruendum

281 2064 439 2089 vacuum
460 2051 710 2089 intermistum
738 2053 782 2089 ad
798 2053 1053 2089 laxamentum
1080 2059 1297 2098 corporum,
1327 2059 1440 2098 quam
1469 2061 1563 2096 quae
1590 2050 1746 2089 afferunt
1771 2064 1874 2089 vacu—

280 2118 347 2144 um
367 2118 638 2154 coacervatum,
672 2105 798 2144 sivein
830 2105 950 2156 spatiis
982 2104 1198 2150 majoribus.
1256 2103 1394 2149 Neque
1415 2103 1490 2140 hoc
1516 2104 1638 2142 solum
1654 2106 1746 2143 vidit
1767 2103 1878 2144 Hero

280 2163 337 2198 vir
357 2160 568 2211 ingeniosus
584 2165 619 2199 δε
635 2161 883 2208 mechanicus,
900 2161 959 2198 sed
976 2160 1089 2197 etiam
1106 2157 1325 2212 Leucippus
1340 2160 1375 2194 &
1392 2156 1650 2198 Democritus
1663 2159 1878 2200 inventores

280 2216 469 2268 opinionis
489 2218 535 2254 dc
551 2230 680 2263 vacuo,
696 2230 809 2266 quam
824 2213 1056 2266 Aristoteles
1071 2213 1220 2263 argutiis
1241 2212 1465 2261 quibusdam
1489 2214 1655 2253 obsidere
1685 2219 1721 2253 ὃς
1743 2228 1876 2267 expug-

281 2284 367 2308 nare
386 2282 570 2313 conatur;
608 2274 672 2321 qui
689 2274 767 2310 duo
783 2270 997 2323 philosophi
1020 2266 1218 2307 aeutiflimi
1247 2277 1344 2305 certe
1366 2271 1402 2305 ὅ(
1420 2269 1661 2318 celeberrimi,
1694 2270 1743 2309 ita
1772 2284 1877 2310 vacu—

280 2338 345 2363 um
368 2327 614 2364 intermistum
636 2328 737 2374 dant,
762 2337 802 2364 ut
829 2339 989 2364 vacuum
1007 2335 1266 2363 coacervatum
1281 2325 1430 2360 tollant.
1487 2326 1539 2361 Ex
1565 2326 1746 2363 sententia
1772 2329 1877 2364 enim

282 2380 510 2419 Democriti
525 2395 683 2420 vacuum
699 2381 922 2420 terminatur
947 2384 982 2419 ὃ(
997 2378 1321 2424 circumscribitur,
1350 2388 1392 2415 ut
1413 2380 1508 2416 ultra
1530 2391 1650 2418 certos
1677 2381 1768 2429 fines
1793 2394 1876 2419 non

283 2437 390 2473 detur
419 2437 597 2475 distraCtio
634 2437 703 2474 five
741 2435 901 2475 divulsio
932 2447 1149 2488 corporum,
1184 2447 1265 2471 non
1290 2435 1405 2482 magis
1437 2447 1549 2483 quam
1578 2434 1786 2488 compulfi‘o
1812 2449 1876 2474 aut

280 2491 501 2542 compaCtiQ
558 2495 662 2530 Licet
682 2494 786 2529 enim
802 2492 839 2529 in
855 2491 896 2529 iis
911 2504 1005 2541 quae
1025 2503 1067 2528 ex
1090 2489 1323 2528 Democrito
1349 2490 1541 2537 habemus,
1577 2492 1651 2528 hoe
1678 2503 1875 2540 nunquam

282 2544 412 2582 diserte
428 2545 588 2595 politum
604 2546 658 2594 sir,
688 2559 816 2584 tamen
836 2547 910 2584 hoc
929 2545 1049 2584 dicere
1073 2544 1218 2583 videtur
1243 2558 1331 2581 cum
1355 2557 1514 2595 corpora
1547 2557 1663 2594 aeque
1691 2557 1732 2582 ac
1762 2547 1874 2595 spatia

283 2600 427 2637 infinita
442 2601 646 2643 constituits
677 2614 717 2639 ea
737 2601 819 2639 usus
835 2604 991 2649 ratione,
1005 2602 1112 2638 aliter
1143 2598 1186 2650 (fi
1202 2599 1358 2652 spatium
1380 2599 1517 2637 scilicet
1546 2599 1748 2646 infinitum,
1790 2613 1873 2638 cor—

282 2667 373 2706 pora
388 2655 492 2692 finita
509 2656 640 2705 ess'ent)
665 2669 824 2707 corpora
843 2669 1038 2706 nunquam
1059 2655 1219 2693 haesura.
1279 2655 1409 2704 Itaque
1435 2665 1584 2705 propter
1600 2655 1875 2693 coinfinitatem

285 2711 461 2746 materiae
490 2723 577 2746 cum
607 2712 725 2761 spatio
753 2712 954 2749 necessario
989 2709 1245 2762 compingitur
1271 2722 1430 2748 vacuum
1458 2711 1503 2747 ad
1532 2711 1716 2747 terminos
1740 2720 1875 2757 certos,

280 2777 374 2815 quae
390 2765 533 2801 videtur
550 2766 626 2809 ejus
640 2766 742 2804 fuisse
758 2767 892 2819 opinio
907 2779 992 2804 vera
1008 2769 1044 2804 ὅ(
1061 2766 1158 2803 reete
1174 2766 1374 2812 intellecta,
1398 2776 1438 2803 ut
1467 2764 1603 2802 scilicet
1630 2764 1872 2803 constituatur

281 2819 362 2856 linis
390 2820 543 2870 qnidam
574 2820 828 2871 explicationis
861 2820 932 2858 five
957 2819 1187 2873 expansionis
1214 2832 1420 2871 corporum
1449 2832 1514 2869 per
1539 2831 1695 2856 vacuum
1729 2822 1875 2870 copula*

281 2885 384 2915 tum5
427 2886 549 2922 neque
572 2886 727 2912 vacuum
747 2877 855 2913 detur
877 2876 1100 2923 solitarium,
1129 2886 1191 2913 aut
1214 2887 1375 2925 corpore
1404 2888 1484 2911 non
1507 2873 1701 2911 obscss'um.
1759 2877 1872 2927 Qrod

280 2928 305 2966 fi
327 2942 406 2966 non
422 2929 529 2966 detur
545 2940 702 2965 vacuum
726 2929 831 2967 instar
850 2931 1049 2968 solutionis
1071 2932 1331 2968 continuitatis
1359 2932 1398 2966 in
1415 2929 1614 2979 systemate,
1640 2940 1767 2966 tamen
1788 2942 1875 2968 cum

280 2995 382 3020 tanta
397 2984 606 3021 inveniatur
629 2983 666 3020 in
688 2984 849 3032 partibus
869 2989 906 3022 ὃ(
921 2985 1136 3036 regionibus
1160 2986 1360 3035 systematis
1380 2995 1586 3035 corporum
1609 2983 1805 3031 diversum,
1836 2997 1875 3022 ut

283 3038 350 3075 lint
384 3049 561 3089 tanquam
596 3038 745 3075 alterius
772 3039 890 3087 gentis
929 3043 965 3077 &
998 3042 1150 3092 patriae,
1178 3042 1296 3078 oritur
1329 3039 1492 3088 quaestio
1528 3038 1686 3076 secunda
1714 3052 1806 3088 quae
1831 3041 1877 3076 ad

280 3095 560 3131 connexionem
586 3089 781 3143 systematis
804 3095 1012 3143 pertineat,-
1043 3107 1084 3133 ea
1105 3094 1165 3143 est,
1190 3107 1237 3132 an
1267 3094 1392 3131 aether
1420 3105 1529 3146 putus
1557 3091 1597 3130 sit
1628 3107 1724 3131 unus
1752 3106 1876 3144 perpe-

1793 3161 1877 3186 tuus
