1973 3570
625 243 1074 294 COGITATA
1135 243 1233 288 ET
1280 241 1461 287 Visa

259 350 604 403 correspondentias
620 350 824 399 captanda&
856 348 1094 385 &mentium
1113 357 1212 382 areas
1241 345 1445 394 purgandas
1472 345 1669 394 pertinent,
1692 347 1846 385 edantur

260 412 299 447 in
317 410 446 451 vulgus
463 410 497 443 ὅ(
514 418 576 455 per
594 418 660 441 ora
682 404 839 442 volitent
855 417 864 443 5
895 404 1035 448 reliqua
1054 413 1116 450 per
1132 412 1262 437 manus
1277 402 1468 437 tradantur
1498 413 1583 436 cum
1608 402 1790 438 eleciionc
1811 407 1848 440 ἃς

264 450 415 511 judicio.
474 464 558 499 Nec
583 472 644 496 me
668 461 769 505 latet,
801 456 973 494 usitatum
993 458 1027 492 ὃ(
1048 455 1178 492 tritum
1203 455 1271 492 eli'e
1301 455 1545 503 impostorum
1573 455 1781 502 artificium,
1804 461 1848 494 ur:

260 519 443 568 quaedam
463 530 482 552 a
498 517 611 564 vulgo
628 515 828 559 secernant,
848 512 969 548 nihilo
986 513 1028 546 iis
1044 509 1199 561 ineptiis,
1217 523 1304 557 quas
1318 512 1434 558 vulgo
1450 509 1661 560 propinant,
1678 512 1845 550 meliora.

265 574 336 611 Sed
350 585 422 615 ego
443 570 516 608 sine
532 568 639 607 omni
658 567 856 619 impostura
883 579 924 602 ex
949 565 1185 615 providentia
1200 565 1283 601 sana
1299 564 1483 614 prospicio
1503 563 1616 612 ipsam
1634 567 1848 614 interpreta-

259 614 607 671 tionisformulam,
625 626 660 660 ὃ(
677 622 825 659 inventa
841 634 903 670 per
918 621 1086 665 eandem,
1112 619 1208 656 intra
1225 619 1385 668 legitima
1402 623 1437 656 δ(
1452 629 1576 668 optata
1592 618 1737 668 ingenia
1753 622 1849 671 clauf

257 684 304 728 sa,
326 680 511 727 vegetiora
528 683 563 717 &
583 677 788 715 munitiora
802 677 934 713 futura.
983 675 1059 724 lpse
1075 687 1165 711 vero
1179 674 1302 710 alieno
1318 676 1485 723 periculo
1498 673 1556 710 illa
1570 676 1720 711 molior.
1752 675 1850 714 Mihi

261 723 434 775 eninsnil
456 746 601 779 eorum,
625 745 717 781 quae
743 733 788 768 ab
804 731 963 768 externis
986 730 1163 778 pendent,
1189 730 1293 765 cordi
1320 730 1378 766 est.
1438 731 1574 776 Neque
1602 728 1701 765 enim
1729 731 1850 768 famae

258 804 390 841 auceps
411 791 504 836 sum,
519 801 588 825 nee
605 785 936 824 haeresiarcharum
951 796 1058 820 more
1076 783 1206 819 sectam
1222 784 1384 821 condere
1399 794 1547 833 gratum
1567 783 1699 829 habeo,
1727 788 1761 821 ὃς
1779 785 1848 834 pri-

258 858 386 886 vatum
402 844 554 894 aliquod
570 844 878 878 emolumentum
899 851 941 874 cx
965 848 1065 873 tanta
1090 839 1290 874 molitione
1307 850 1450 890 captare
1470 837 1667 875 ridiculum
1690 842 1726 875 ὃς
1741 851 1850 889 turpe

261 903 372 938 duco.
431 899 531 935 Mihi
552 893 685 933 sufficit
714 893 838 931 meriti
868 891 1103 938 conscientia,
1134 894 1169 929 &
1200 892 1272 942 ipsa
1289 891 1351 929 illa
1379 903 1503 932 rerum
1531 892 1691 940 effeeiio,
1720 893 1779 931 cui
1801 907 1850 932 ne

259 956 411 994 fortuna
430 952 504 1002 ipsa
519 951 748 988 intercedere
769 945 894 999 possit.

260 1117 522 1176 Francisei
563 1116 764 1175 Baconi
818 1117 882 1173 fle
928 1115 1271 1189 Verulami0‚
1324 1118 1570 1196 Cogitata
1611 1114 1687 1183 &³
1715 1121 1848 1194 Vjstz

342 1205 408 1260 de
440 1204 877 1285 interpremtime
921 1216 1174 1275 naturae,
1199 1203 1316 1280 five
1345 1203 1409 1258 de
1437 1203 1737 1260 inventime
1764 1227 1846 1263 re..

343 1310 467 1347 rum
498 1286 577 1357 &²
606 1301 833 1370 operum.

357 1445 400 1485 R
404 1446 451 1485 A
458 1444 550 1485 NC
555 1445 583 1484 I
589 1444 620 1484 S
626 1446 660 1484 C
668 1446 710 1485 U
713 1444 744 1485 S
756 1444 936 1484 Baconns
950 1444 995 1482 fic
1006 1444 1191 1495 cogitavit.
1233 1447 1447 1492 Sciendam,
1459 1446 1498 1482 in
1512 1447 1614 1490 euius
1623 1444 1846 1496 poffessione

382 1514 500 1551 genus
511 1502 721 1538 humanum
736 1501 857 1538 adhuc
871 1500 1045 1547 versatur,
1061 1502 1106 1537 ad
1119 1499 1382 1538 certitudinem
1398 1503 1748 1550 &magnitudinem
1759 1517 1845 1556 ope-

258 1570 345 1595 rum
361 1569 441 1595 non
457 1550 639 1593 accedere.
696 1555 867 1592 Medicos
896 1554 1074 1606 siquidem
1098 1556 1255 1592 morbos
1278 1557 1492 1607 complures
1520 1556 1739 1595 insanabiles
1760 1572 1845 1610 pro-

255 1612 439 1658 nuntiare,
462 1610 551 1648 &in
573 1609 804 1662 reliquorum
824 1623 910 1648 eura
925 1611 1064 1660 saepius
1079 1623 1198 1647 errare
1212 1613 1247 1648 ὅ(
1262 1611 1441 1651 deficere3
1470 1610 1696 1660 alchymistas
1719 1615 1759 1650 in
1773 1613 1847 1663 spei

255 1669 340 1705 suae
359 1667 588 1715 amplexibus
603 1665 787 1702 senescere
803 1665 1023 1702 &immori2
1066 1677 1267 1715 magorum
1295 1678 1408 1715 opera
1430 1667 1526 1703 fluxa
1550 1679 1619 1703 nee
1634 1667 1844 1710 frustuosa3

255 1722 487 1759 mechanicas
507 1732 603 1758 artes
623 1733 704 1758 non
719 1721 884 1758 multum
899 1720 987 1758 lueis
1001 1734 1022 1757 a
1043 1720 1275 1770 philosophia
1289 1732 1426 1771 petere,
1448 1721 1508 1758 sed
1528 1722 1773 1772 experientiae
1793 1734 1846 1761 te-

253 1779 315 1823 las,
331 1779 448 1814 lentas
478 1775 561 1813 sane
588 1788 629 1813 ac
649 1775 818 1822 humiles,
839 1777 1019 1827 paulatim
1037 1777 1269 1813 continuare.
1327 1776 1478 1823 Casum,
1505 1776 1703 1813 authorem
1722 1779 1846 1817 rerum

252 1832 506 1882 proculdubio
520 1829 673 1871 utilem3
703 1830 762 1867 sed
780 1832 844 1879 qui
861 1843 923 1879 per
944 1832 1075 1880 longas
1095 1832 1266 1879 ambages
1283 1832 1320 1867 ὃς
1340 1831 1527 1878 circuitus,
1551 1831 1705 1869 donaria
1729 1832 1846 1871 suain

255 1887 432 1924 homines
449 1885 602 1937 spargat.
660 1888 784 1936 Itaque
800 1885 920 1922 visum
950 1886 997 1922 est
1018 1884 1076 1926 ei3
1118 1887 1269 1923 inventa
1297 1885 1511 1932 hominum,
1537 1887 1669 1934 quibus
1691 1887 1844 1936 utimur,

254 1942 464 1978 admodum
480 1941 694 1990 imperfcsta
711 1943 745 1976 ὅ(
760 1942 960 1977 immatura
973 1940 1112 1977 censeri
1131 1954 1139 1977 z
1169 1943 1279 1978 Nova
1296 1953 1385 1977 vero
1402 1941 1473 1978 hoc
1489 1940 1724 1979 scientiarum
1740 1943 1843 1991 statu,

254 1994 417 2033 nonnisi
433 2007 496 2044 per
512 1995 743 2033 saeculorum
763 1993 871 2043 spatia
887 1997 1065 2047 expestari
1082 2014 1096 2038 ‚-
1126 2008 1241 2044 eaque
1270 1995 1342 2047 ipsa
1362 2008 1456 2044 quae
1484 1996 1658 2034 hastenus
1682 1997 1846 2037 humana

256 2051 422 2088 exhibuit
439 2050 622 2097 industria,
647 2049 898 2100 philosophiae
914 2051 1009 2087 haud
1029 2050 1189 2087 attribui.

309 2106 343 2142 C
355 2118 380 2143 o
392 2118 416 2143 G
430 2117 443 2142 1
457 2117 596 2143 TAVIT
620 2108 656 2142 ὃ(
673 2106 787 2145 illud3
830 2106 868 2141 in
891 2106 933 2142 iis
948 2118 1071 2142 rerum
1089 2106 1338 2142 humanarum
1365 2105 1544 2155 angustiis,
1569 2106 1606 2142 id
1630 2106 1787 2145 maxime
1806 2111 1843 2147 ὃς

254 2161 301 2198 ad
333 2159 500 2212 praesens
535 2161 769 2210 deploratum
802 2162 838 2196 ὅ(
869 2159 906 2197 in
936 2160 1104 2198 futurum
1140 2160 1361 2197 ominosum
1384 2161 1452 2198 effe
1469 2179 1483 2203 ‚-
1525 2161 1627 2209 quod
1655 2161 1843 2211 homines,

253 2227 386 2253 contra
401 2216 547 2252 bonum
570 2215 688 2261 suum,
713 2213 866 2264 cupiunt
895 2214 1147 2264 ignorantiam
1180 2214 1410 2264 ignominiae
1433 2217 1604 2260 eximere,
1636 2218 1670 2253 ὅ(
1695 2215 1758 2255 sibi
1779 2222 1847 2268 per'

254 2270 424 2320 inopiam
442 2268 544 2306 istam
566 2269 738 2307 satisfieri.
797 2271 967 2307 Medicus
996 2272 1099 2307 enim
1128 2281 1272 2321 praeter
1288 2272 1444 2308 cautelas
1463 2269 1547 2307 artis
1569 2270 1650 2307 stiae
1680 2273 1738 2321 (in
1763 2275 1843 2322 qui—

256 2326 324 2362 bus
339 2326 383 2362 ad
404 2324 712 2362 existimationem
732 2326 817 2361 artis
845 2326 1024 2362 tuendam
1045 2325 1144 2362 haud
1171 2337 1304 2377 parum
1332 2323 1495 2376 praesidii
1525 2326 1584 2373 est)
1617 2326 1710 2363 hanc
1732 2339 1844 2377 gene-

259 2382 377 2417 ralem
393 2381 506 2417 veluti
523 2382 639 2417 totius
654 2379 736 2417 artis
750 2381 934 2417 cautelam
950 2380 1104 2418 advocat
1121 2398 1134 2423 ,-
1178 2381 1282 2428 quod
1303 2382 1389 2416 artis
1415 2379 1496 2416 suae
1518 2381 1773 2418 infirmitatem
1803 2385 1844 2421 in

257 2445 409 2472 naturae
425 2434 649 2472 calumniam
665 2437 799 2476 vertit3
829 2437 866 2472 ὃς
897 2435 999 2483 quod
1016 2447 1071 2472 ars
1097 2447 1177 2471 non
1200 2436 1362 2483 attingit,
1390 2433 1425 2471 id
1447 2447 1489 2471 ex
1516 2445 1594 2472 arte
1615 2433 1844 2485 impoflibile

255 2488 295 2525 in
320 2500 447 2526 natura
468 2490 652 2541 supponit.
708 2492 844 2541 Neque
860 2500 959 2527 certe
975 2490 1143 2526 damnari
1158 2490 1276 2539 potest
1289 2501 1355 2536 arS,
1378 2502 1466 2526 cum
1494 2489 1576 2541 ipsa*
1593 2491 1741 2536 judicet.
1797 2493 1844 2530 E-

256 2545 348 2580 tiam
365 2544 606 2594 philosophia,
627 2558 670 2583 ex
697 2557 769 2594 qua
799 2544 983 2582 medicina
1012 2545 1073 2582 ista
1097 2544 1223 2593 (quam
1244 2546 1283 2581 in
1312 2545 1484 2582 manibus
1503 2543 1697 2594 habemus)
1728 2547 1845 2584 excisa

258 2596 327 2638 cst3
357 2599 465 2636 habet
481 2602 516 2636 ὅ(
535 2600 595 2637 illa
617 2602 708 2638 &in
730 2598 808 2637 {inu
829 2601 946 2637 nutrit
969 2600 1149 2649 quaedam
1178 2597 1293 2651 posita
1314 2609 1377 2636 aut
1397 2597 1538 2649 placita,
1562 2601 1603 2636 in
1630 2612 1723 2648 quae
1752 2599 1777 2637 fi
1792 2601 1846 2639 se-

257 2652 376 2690 verius
401 2655 618 2704 inquiratur,
643 2655 716 2693 hoc
731 2654 893 2692 omnino
907 2654 1112 2704 persuaderi
1134 2656 1282 2700 volunt,
1307 2655 1362 2691 nil
1385 2655 1544 2692 arduum
1572 2664 1633 2691 aut
1652 2654 1690 2691 in
1711 2667 1845 2694 natura

259 2706 514 2758 imperiolum,
531 2710 574 2745 ab
590 2720 667 2747 arte
681 2711 738 2748 vel
755 2722 827 2759 ope
841 2710 1003 2747 humana
1018 2709 1216 2759 exspectari
1231 2709 1376 2746 debere.
1433 2710 1497 2747 Ab
1512 2709 1585 2746 hoc
1604 2709 1710 2746 fonte
1725 2709 1817 2749 illud
1835 2726 1847 2749 z

260 2764 424 2799 calorem
443 2762 523 2799 astri
548 2762 616 2801 five
632 2764 732 2811 solis,
748 2767 784 2802 ὃς
799 2765 965 2801 calorem
983 2764 1078 2815 ignis
1096 2774 1183 2802 toto
1197 2777 1334 2814 genere
1350 2763 1499 2801 differre
1516 2777 1523 2800 :
1554 2767 1590 2801 ὃ(
1605 2765 1710 2810 illud,
1740 2777 1845 2803 com—

258 2815 486 2868 positionem
502 2829 593 2866 opus
610 2818 788 2867 hominis,
814 2830 850 2857 at
865 2818 1079 2857 mistionem
1106 2832 1199 2869 opus
1218 2819 1332 2857 solius
1360 2829 1511 2856 naturae
1521 2818 1609 2868 effe,
1640 2821 1675 2855 ὃ(
1691 2817 1844 2863 fimilia3

258 2884 353 2920 quae
369 2870 394 2909 fi
407 2870 620 2921 diligentius
636 2884 828 2921 notentur,
845 2876 1011 2912 omnino
1030 2874 1218 2925 pertinent
1235 2875 1280 2912 ad
1295 2874 1478 2912 humanae
1491 2872 1675 2925 potestatis
1691 2873 1844 2914 circum-

261 2927 506 2978 scriptionem
545 2926 780 2976 malitiosam,
811 2932 848 2966 &
880 2930 925 2966 ad
962 2928 1160 2979 quaesitam
1198 2932 1234 2966 ὅ(
1270 2927 1506 2966 artificiosam
1534 2928 1845 2978 desperationem,

259 2993 353 3030 quac
369 2994 450 3018 non
474 2981 596 3020 solum
611 2981 683 3031 spei
698 2982 857 3032 auguria,
884 2984 946 3021 sed
966 2986 1082 3022 etiam
1107 2983 1313 3035 experiendi
1341 2984 1434 3020 aleas
1461 2983 1618 3028 abjiciat,
1640 2986 1676 3020 &
1711 2997 1848 3023 omnes

258 3035 452 3074 industriae
480 3036 644 3074 stimulos
661 3038 846 3075 &nervos
865 3037 1027 3076 incidat:
1064 3039 1157 3076 dum
1178 3040 1224 3076 de
1251 3040 1325 3076 hoc
1340 3047 1488 3074 tantum
1514 3036 1648 3074 soliciti
1677 3037 1773 3085 sunt,
1802 3051 1845 3078 ut

258 3103 314 3127 ars
329 3091 488 3141 persecia
502 3091 703 3138 censeatur,
733 3093 770 3128 δε
790 3092 930 3141 gloriae
947 3090 1161 3130 vanissimae
1190 3096 1226 3130 &
1251 3088 1514 3142 perditissimae
1542 3092 1632 3129 dant
1661 3106 1843 3143 operam;

260 3145 408 3194 seilicet,
435 3156 475 3185 ut
490 3146 666 3197 quicquid
681 3148 879 3186 inventum
902 3158 986 3187 non
998 3146 1056 3196 fit,
1079 3148 1118 3188 id
1147 3145 1395 3188 uec'inveniri
1412 3146 1513 3199 posse
1541 3148 1721 3185 credatur.
1776 3150 1846 3187 Al-

1672 3204 1848 3253 chymista

1821 3305 1842 3344 3
