1973 3570
463 240 855 288 THEMA
951 243 1302 288 COELI.

61 359 122 387 tus
143 347 361 386 coelestium
382 342 491 382 nobis
520 344 696 381 videntur
724 344 851 381 minus
871 342 1005 381 habere
1028 343 1278 382 incommodi.
1335 341 1555 383 Videndum
1577 359 1668 386 vcro

62 400 152 452 quid
182 411 334 452 negent,
367 402 406 438 ὃ(
435 398 528 448 quin
560 395 764 436 affirment.
821 400 974 448 Negant
994 409 1133 436 terram
1163 409 1295 436 rotare.
1353 400 1505 448 Negant
1537 402 1604 439 ess'e
1629 405 1668 440 in

62 456 278 495 coelestibus
304 456 399 493 duos
417 464 546 492 motus
565 455 610 491 ab
630 454 776 491 oriente
792 454 833 490 in
858 452 1095 491 occidentem
1113 455 1299 493 alterums
1337 465 1447 503 atque
1481 452 1669 495 affirmant

63 509 362 550 anteverfionem
377 511 414 547 δε
435 507 684 546 reliCtionem.
741 510 895 558 Negant
911 509 1112 558 obliquum
1134 511 1316 555 circulum
1341 512 1376 546 ὅ(
1409 510 1588 547 diversam
1606 524 1669 562 po-

63 566 208 605 litatem
235 567 339 612 eJ'us3
385 567 422 602 δε
449 560 640 602 affirmant
665 562 788 615 spiraS.
844 565 998 613 Negant
1028 563 1194 614 primum
1223 565 1369 601 mobile
1400 564 1606 617 separatum
1633 570 1669 604 δε

66 632 243 672 raptum5
284 620 323 658 &
352 617 539 657 affirmant
559 617 784 655 consensum
812 617 1018 655 cosmicum
1046 629 1224 668 tanquam
1244 631 1450 656 commune
1478 618 1671 658 vinculum

64 674 276 726 systematis.
332 672 542 712 Affirmant
557 683 713 715 motum
724 673 907 710 diurnum
921 672 1082 712 inveniri
1103 686 1184 711 non
1201 673 1238 711 in
1252 675 1378 721 coelo,
1395 674 1454 711 sed
1474 678 1508 711 ὅ(
1523 673 1561 712 in
1575 679 1669 724 affre,

67 733 185 781 aquis,
198 729 312 768 etiam
327 728 470 767 extimis
483 738 614 775 terrae,
630 728 756 777 quoad
770 727 1026 766 verticitatem.
1070 726 1278 767 Affirmant
1299 728 1608 767 consecutionem
1633 736 1669 768 δε

66 786 346 826 volubilitatem
372 784 476 822 illam
494 782 699 820 cosmicam
723 784 764 820 in
792 782 916 821 fluidis
938 784 1007 821 effe
1021 783 1270 822 verticitatem
1299 786 1336 821 δε
1354 784 1601 822 direttionem
1629 785 1668 823 in

65 838 359 887 consistentibus,
387 838 583 888 usquequo
605 836 840 888 perveniatur
865 839 911 876 ad
927 838 1125 877 immobile
1145 837 1340 877 sincerum.
1401 842 1555 890 Negant
1591 841 1668 878 stel-

67 898 120 935 las
132 893 197 946 figi
211 905 391 944 tanquam
410 894 535 932 nodos
550 891 589 930 in
611 893 747 930 tabula.
807 895 959 943 Negant
980 893 1220 942 eccentricos‚
1250 896 1449 947 epicyclos‚
1480 898 1516 932 ὅς
1545 896 1667 941 hujus-

67 951 178 989 modi
197 949 351 988 fabricas
366 949 435 987 effe
461 949 589 986 reales,
644 944 854 986 Affirmant
879 959 1033 986 motum
1055 952 1313 999 magnericum
1342 948 1412 988 five
1437 954 1669 1000 congregati*

68 1017 161 1045 vum
180 1003 303 1055 vigere
318 1004 359 1042 in
374 1002 482 1051 astris,
498 1015 542 1040 ex
556 1015 636 1052 quo
650 1002 744 1053 ignis
757 1002 885 1053 ignem
901 1014 1030 1041 evocat
1051 1007 1088 1042 ὃς
1101 1004 1252 1042 attollit.
1309 1001 1516 1042 Affirmant
1532 1006 1569 1042 in
1579 991 1669 1044 {oe-

67 1062 116 1100 lis
128 1061 376 1112 planetarum,
394 1070 553 1109 corpora
569 1060 805 1108 planetarum
819 1057 983 1096 velocius
998 1059 1142 1097 moveri
1159 1062 1195 1098 &
1211 1070 1334 1097 rotare
1349 1072 1462 1108 quam
1479 1063 1669 1108 reliquum

67 1114 178 1164 coeli,
201 1113 244 1153 in
256 1126 336 1163 quo
350 1113 406 1152 fiti
421 1113 519 1161 sunt,
538 1113 645 1161 quod
659 1113 793 1161 utique
808 1123 919 1160 rotat,
937 1113 997 1150 sed
1013 1113 1165 1152 tardius.
1224 1111 1431 1152 Affirmant
1448 1128 1491 1152 ex
1516 1128 1556 1153 ea
1573 1118 1669 1153 inae-

70 1169 247 1222 qualitate
264 1170 397 1208 fluCtus
417 1171 455 1206 δε
475 1168 593 1206 undas
623 1169 660 1204 ὅ(
686 1167 1001 1219 reciprocationes
1028 1169 1185 1207 aetheris
1207 1171 1456 1222 planetarum,
1486 1182 1597 1219 atque
1627 1185 1670 1209 ex

70 1225 117 1265 iis
129 1224 249 1265 varios
261 1234 390 1262 motus
405 1222 523 1261 educi.
577 1219 787 1260 Affirmant
807 1219 1077 1271 necessitatem,
1099 1223 1139 1262 in
1153 1225 1312 1276 planetis
1326 1225 1503 1262 volvendi
1517 1227 1671 1263 celerius

75 1283 114 1319 &
127 1281 281 1327 tardius,
294 1289 409 1332 prout
422 1280 597 1316 locantur
612 1279 652 1315 in
667 1277 781 1315 coelo
795 1275 985 1315 sublimius
998 1288 1061 1315 aut
1080 1277 1269 1325 humilius,
1293 1278 1405 1328 idque
1426 1292 1468 1316 ex
1483 1279 1669 1317 consensu

69 1333 240 1374 universi.
295 1333 370 1372 Sed
383 1331 492 1371 fimul
507 1329 698 1371 affirmant
714 1332 880 1369 taedium
899 1333 1219 1384 praeternaturalis
1235 1333 1463 1371 incitationis
1480 1336 1520 1371 in
1545 1337 1668 1385 plant-

69 1392 118 1428 tis
133 1392 170 1429 ὅ(
188 1387 339 1436 majoris
353 1390 390 1426 ὃ(
404 1387 565 1426 minoris
579 1388 724 1425 circuli.
779 1383 989 1425 Affirmant
1005 1387 1249 1438 solisequium
1266 1401 1308 1426 ex
1324 1399 1455 1426 natura
1471 1389 1670 1439 inopinosa

70 1446 113 1483 in
127 1445 277 1495 ignibus
293 1442 565 1482 infirmioribus
593 1442 755 1481 Veneris
776 1444 813 1479 &
836 1441 1056 1484 Mercurii;
1093 1456 1182 1481 curn
1211 1442 1323 1481 etiam
1350 1445 1524 1482 inventae
1557 1444 1626 1482 sint
1652 1457 1673 1483 a

74 1497 252 1539 Galilaea
270 1499 433 1537 stellulae
450 1508 614 1537 errantes
627 1495 756 1549 Jovis
769 1496 928 1536 asseclae.
983 1496 1048 1535 Ista
1061 1509 1187 1538 autem
1202 1511 1274 1536 nos
1287 1510 1468 1547 tanquam
1483 1498 1522 1537 in
1544 1499 1674 1538 limine

71 1555 241 1595 historiae
255 1555 433 1593 naturalis
448 1556 484 1592 &
498 1551 753 1604 philosophiae
767 1552 899 1590 stantes
912 1551 1167 1603 prospicimus,
1188 1565 1283 1602 quae
1301 1564 1446 1600 quanto
1461 1553 1541 1604 quis
1557 1556 1675 1604 magis

75 1611 112 1649 se
123 1609 347 1649 immerserit
363 1611 404 1647 in
418 1607 608 1647 historiam
631 1607 850 1655 naturalem,
876 1618 987 1646 tanto
1017 1607 1165 1646 fortasse
1189 1609 1364 1661 probabit
1380 1610 1509 1658 magis
1567 1609 1676 1647 Atta—

73 1677 164 1704 men
182 1665 356 1711 testamur
373 1664 513 1702 iterum
537 1675 609 1701 nos
631 1662 691 1700 hic
710 1661 830 1700 reneri
852 1664 968 1700 nolle.
1024 1664 1068 1700 In
1091 1664 1145 1701 his
1174 1662 1289 1711 enim,
1328 1673 1369 1700 ut
1398 1662 1436 1700 in
1460 1662 1548 1710 aliis,
1586 1663 1675 1702 certi

73 1723 154 1759 viae
168 1719 312 1759 nostrae
325 1720 463 1766 summ,
478 1720 571 1756 certi
585 1718 680 1756 sedis
693 1717 837 1755 nostrae
852 1730 933 1755 non
952 1717 1086 1755 sumus.
1129 1720 1232 1756 Haec
1244 1731 1335 1756 vero
1358 1717 1523 1755 interfari
1536 1718 1674 1766 sumus,

74 1788 125 1813 ne
139 1777 224 1824 quis
234 1774 411 1813 existimet
430 1786 502 1812 nos
515 1774 754 1811 vacillatione
768 1772 906 1821 judicii,
922 1784 984 1811 aut
998 1772 1123 1825 inopia
1135 1770 1345 1810 affirmandi
1360 1774 1547 1822 negativas
1568 1786 1675 1822 quae-

75 1829 210 1869 stiones
224 1831 349 1867 malle.
403 1831 533 1879 Itaque
546 1828 771 1875 tenebimus,
805 1829 1131 1877 quemadmodum
1153 1828 1323 1866 coelestia
1349 1827 1471 1864 solent
1505 1828 1674 1878 (quando

76 1886 125 1924 de
143 1883 185 1924 iis
204 1885 330 1923 sermo
342 1882 403 1935 fit)
426 1883 599 1922 nobilem
624 1882 880 1922 constantiam.

78 2022 178 2080 De
210 2018 499 2100 principiis
548 2031 711 2096 atque
754 2015 1050 2096 originibus
1082 2016 1386 2091 secandam
1427 2014 1677 2091 fabulas

164 2102 456 2184 Cupidinis
484 2099 564 2172 &³
587 2100 743 2159 Coeli
769 2125 782 2158 ε
833 2102 955 2158 Sive
985 2099 1316 2157 Parmenidis
1350 2097 1428 2167 &³
1454 2098 1678 2172 Telesti,

170 2186 557 2337 &praectpue
601 2185 902 2244 Democriti
936 2183 1291 2267 philosophia,
1337 2175 1581 2242 traffaeta
1619 2185 1678 2239 in

201 2295 239 2329 a
273 2295 310 2330 u
331 2296 386 2330 a.

687 2364 723 2400 D
736 2374 759 2400 E
790 2362 824 2399 C
835 2372 863 2400 U
873 2373 894 2399 P
907 2373 921 2399 1
932 2373 957 2399 D
967 2373 982 2399 1
993 2373 1022 2399 N
1033 2373 1068 2398 E.

85 2438 277 2594 QU
287 2444 324 2480 A
335 2444 363 2480 E
384 2442 431 2480 de
445 2439 633 2495 Cupidine
649 2439 719 2479 five
729 2437 873 2478 Amore
891 2439 937 2477 ab
951 2435 1112 2485 antiquis
1126 2444 1335 2473 memorata
1352 2433 1447 2480 sunt,
1471 2435 1510 2470 in
1522 2435 1680 2472 eandem

250 2498 447 2548 personam
461 2499 665 2536 convenire
680 2507 762 2533 non
776 2494 924 2545 poss‘unt
936 2512 948 2537 ς
976 2495 1068 2542 quin
1086 2490 1196 2528 etiam
1212 2492 1258 2527 ab
1274 2488 1352 2541 ipfis
1366 2499 1562 2538 ponuntur
1573 2488 1683 2543 Cupi-

249 2552 360 2591 dines
373 2553 465 2599 duo,
487 2553 660 2602 &longo
674 2551 758 2588 sane
772 2549 970 2587 intervallo
985 2547 1249 2598 discrepanth
1279 2557 1366 2582 curn
1390 2557 1409 2580 u
1416 2556 1484 2581 nus
1499 2557 1541 2580 cx
1556 2542 1595 2580 iis
1610 2545 1682 2581 Dc-

87 2624 202 2649 orum
211 2604 495 2657 antiquiflimus,
505 2608 597 2644 alter
612 2616 703 2644 natu
717 2603 899 2643 minimus
912 2603 1018 2641 fuisse
1033 2600 1228 2639 diceretur.
1250 2599 1380 2647 Atque
1388 2599 1434 2636 de
1447 2598 1604 2647 antiquo
1614 2600 1684 2636 illo

89 2665 200 2705 nobis
218 2664 256 2702 in
272 2662 471 2714 praesentia
487 2662 610 2700 sermo
631 2660 691 2699 est.
747 2662 911 2698 Narrant
927 2661 1051 2705 itaque
1066 2655 1248 2693 Amorem
1264 2655 1373 2691 illum
1391 2654 1567 2690 omnium
1582 2654 1683 2690 Deo-

90 2732 176 2758 rum
190 2719 292 2758 fuiss'e
308 2713 618 2766 antiquissimum,
635 2726 747 2763 atque
772 2715 868 2752 adeo
887 2714 1064 2751 omnium
1084 2722 1222 2756 rerum,
1256 2718 1411 2758 excepto
1441 2706 1557 2754 Chao,
1578 2708 1682 2754 qnod

91 2774 125 2813 ei
140 2785 320 2813 coaevum
336 2772 562 2823 perhibetur.
618 2771 748 2819 Atque
762 2767 887 2807 Amor
902 2767 962 2805 iste
990 2766 1138 2819 prorsus
1155 2764 1228 2801 fine
1247 2774 1399 2814 parente
1414 2763 1678 2800 introducitur.

91 2829 172 2880 Ipse
184 2840 311 2867 autem
325 2840 411 2866 cum
432 2824 542 2865 Coelo
556 2826 695 2872 mistus,
724 2826 762 2861 ὃ(
790 2825 880 2861 deos
903 2825 940 2860 &
962 2835 1017 2858 res
1048 2820 1231 2858 universas
1251 2817 1461 2868 progenuit.
1519 2818 1556 2853 A
1586 2828 1681 2853 non-

93 2884 206 2922 nuuis
218 2895 346 2922 tamen
360 2895 437 2921 ovo
451 2890 653 2932 prognatus
670 2879 871 2917 incubante
884 2875 1013 2916 Noae
1027 2877 1182 2913 traditus
1197 2875 1256 2912 est.
1295 2874 1383 2919 Ejus
1400 2885 1491 2911 vero
1507 2872 1683 2908 attributa

94 2949 289 2989 ponuntur
302 2937 452 2984 diVersa‚
482 2947 524 2974 ut
547 2934 589 2973 fit
612 2934 733 2972 infans
757 2943 966 2983 perpetuus,
991 2943 1131 2978 caccus,
1155 2930 1290 2975 nudus,
1313 2930 1440 2975 alatus,
1467 2926 1681 2975 sagittarius.

93 2995 164 3032 Vis
180 2994 398 3040 autemejus
411 2990 615 3044 praecipua,
641 2991 677 3027 ὅ(
692 2989 855 3040 proptia,
880 2988 925 3024 ad
945 2999 1104 3036 corpora
1121 2984 1282 3022 unienda
1296 2981 1410 3021 valet:
1440 2980 1549 3018 ctiam
1564 2980 1682 3016 claves

94 3046 262 3094 aetheris,
280 3046 401 3094 maris,
416 3049 455 3084 ὃς
467 3057 586 3085 tettae
601 3046 636 3082 ei
654 3044 926 3082 deferebantur.
983 3041 1150 3091 Pingitur
1160 3051 1312 3087 quoque
1328 3040 1363 3074 ὃ(
1376 3036 1581 3074 celebratur
1591 3034 1683 3070 altei-

95 3099 241 3154 Cupido
253 3101 575 3150 minotrVener‘is
587 3099 693 3147 filius,
712 3099 750 3138 in
766 3109 880 3147 quem
899 3097 1075 3142 attributa
1099 3095 1320 3145 antiquioris
1343 3089 1624 3135 transferuntur,
1647 3090 1683 3124 &

96 3154 244 3208 propria
260 3157 379 3195 multa
392 3156 641 3203 adjiciuntur..

179 3229 183 3234 -
1474 3199 1683 3234 FABULA

1741 267 1837 311 319
