1973 3570
144 215 241 263 216

372 407 1827 511 LECTORI-ss

348 618 977 699 ISAACUS
1074 611 1851 694 GRUTERUS.

504 839 629 879 UAE
665 838 735 876 tibi
759 839 900 884 damus,
930 839 1049 874 amice
1065 839 1195 886 lcCtor,
1224 839 1269 875 ad
1285 838 1530 878 universalem
1547 842 1582 876 St
1598 841 1806 878 naturalem
1826 841 1906 891 phi-

300 842 496 1060 Ο
530 894 738 942 losophiam
764 893 974 944 spectantia,
1012 905 1055 929 ex
1088 893 1346 942 manuscriptis
1375 895 1579 940 codicibus,
1619 908 1713 943 quos
1737 908 1906 934 accurate

531 948 762 985 recensuerat
783 951 819 985 &
833 950 932 985 varie
948 948 1164 985 emendarat
1178 949 1319 995 auetor,
1347 960 1411 985 me
1432 951 1666 995 amanuense,
1695 951 1907 1003 apographa

531 1002 627 1041 sunt.
685 1004 772 1040 Sola
787 1001 926 1041 Bodlez'
941 1003 1103 1053 epistola,
1125 1016 1219 1052 quae
1235 1004 1279 1040 ad
1295 1015 1451 1040 examen
1466 1015 1575 1041 vocat
1591 1007 1752 1054 cogitata
1768 1009 1805 1044 ὅ(
1819 1006 1906 1054 visa,

299 1072 368 1114 per
383 1071 445 1095 me
466 1071 508 1096 ex
517 1056 686 1110 Anglico
705 1058 797 1095 facta
809 1056 963 1096 Latina
979 1057 1038 1105 est,
1059 1070 1170 1107 atque
1187 1072 1229 1096 ex
1251 1070 1367 1110 opere
1381 1059 1617 1108 epistolarum
1633 1057 1794 1108 Bacom,
1811 1073 1906 1109 quae.

298 1117 365 1153 tali
382 1115 562 1151 idiomate
578 1113 908 1160 circumferuntur,
937 1113 1010 1151 huc
1025 1113 1198 1151 transsata
1222 1115 1273 1152 ob
1298 1115 1473 1150 materiae
1501 1116 1784 1163 cognationem.
1844 1118 1908 1154 Ti-

299 1170 412 1215 tulus,
441 1181 555 1217 quem
578 1168 685 1205 frons
708 1169 793 1206 libri
822 1168 995 1220 praefert,
1026 1171 1062 1205 ὃ(
1082 1179 1209 1206 totum
1233 1169 1496 1218 complectitur
1521 1169 1702 1221 opusculi,
1732 1172 1771 1207 in
1796 1172 1912 1208 varias

301 1224 576 1262 dissertationes
596 1223 693 1269 sceti,
724 1234 1004 1272 argumentum,
1033 1224 1078 1260 ab
1094 1223 1175 1273 ipso
1192 1221 1412 1262 Verulamio
1436 1224 1509 1264 cst3
1539 1237 1653 1273 quem
1668 1223 1831 1274 fingulae
1852 1229 1910 1264 ex-

303 1280 436 1317 hibent
460 1280 614 1328 paginae
635 1291 677 1315 cx
699 1291 825 1319 rerum
848 1280 1086 1316 t1·a‹statarun1
1107 1278 1199 1316 serie
1213 1278 1439 1326 distinstum,
1468 1290 1488 1315 a
1504 1291 1577 1326 me,
1609 1290 1648 1316 ut
1675 1281 1800 1318 minus
1821 1293 1910 1320 con·

303 1335 479 1373 funderet
511 1343 756 1382 quaerentem
787 1334 980 1379 lefitorem,
1019 1334 1176 1371 indiculi
1208 1334 1382 1371 defectus.
1439 1335 1633 1385 Quicquid
1666 1334 1830 1383 sequitur
1865 1337 1912 1374 ab

300 1401 355 1427 eo
373 1390 475 1438 loco,
505 1390 606 1433 cujus
621 1388 817 1439 inscriptio
841 1389 889 1426 est
905 1390 945 1425 in
961 1387 1042 1439 ipso
1056 1398 1236 1426 contextu
1253 1389 1304 1436 (a)
1327 1384 1485 1425 Indicia
1505 1400 1602 1427 vera
1622 1384 1668 1427 de
1683 1390 1914 1443 interpreta-

303 1444 410 1483 tione
425 1450 589 1482 naturae
603 1443 718 1492 usque
733 1444 777 1481 ad
792 1443 920 1490 finem,
936 1443 1080 1481 donavi
1097 1455 1145 1480 eo
1164 1444 1323 1480 nomine
1342 1440 1516 1493 Impetus
1522 1442 1791 1497 phiquophici,
1807 1446 1912 1494 quod

304 1513 349 1537 ex
372 1497 616 1536 familiaribus
638 1501 709 1536 viri
732 1497 860 1547 magni
883 1499 1085 1546 colloquiis
1108 1497 1303 1544 notassem,
1333 1509 1420 1534 cum
1444 1498 1491 1535 de
1512 1497 1585 1535 istis
1610 1499 1743 1538 chartis
1762 1512 1914 1540 mecum

295 1563 445 1604 ageret.
500 1555 597 1591 Non
625 1554 732 1590 aliter
762 1554 866 1590 enim
892 1554 1078 1605 appellare
1106 1553 1247 1590 solebat
1271 1553 1454 1601 quicquid
1479 1554 1666 1602 prioribus
1693 1567 1758 1605 per
1781 1557 1915 1594 titulos

307 1609 393 1647 suos
414 1607 582 1659 separatis
610 1608 921 1649 connesteretur3
951 1620 1000 1645 ne
1028 1609 1112 1657 quis
1135 1608 1399 1658 imperfeitum
1423 1608 1545 1646 statim
1568 1607 1779 1659 suspicetur,
1810 1612 1916 1660 quod

307 1663 586 1702 defervescente
609 1664 755 1715 impetu
782 1676 864 1701 non
885 1663 986 1701 videt
1009 1664 1156 1701 trahere
1183 1663 1305 1712 syrma
1327 1662 1491 1713 prolixae
1517 1665 1759 1702 tractationis.
1819 1668 1917 1704 Om-

307 1719 372 1757 nia
398 1729 525 1756 autem
550 1717 642 1756 haec
667 1718 809 1756 inedita
837 1716 919 1766 (nifi
947 1719 1052 1767 quod
1078 1720 1118 1756 in
1139 1718 1247 1756 editis
1261 1713 1488 1770 pauciffimis
1503 1731 1582 1755 rara
1597 1718 1735 1757 exstent
1755 1732 1916 1769 quarun-

301 1774 397 1812 dam
422 1786 466 1811 ex
493 1773 550 1811 his
576 1773 871 1811 meditationum
892 1772 1054 1824 vestigia)
1079 1774 1204 1821 debes,
1232 1775 1352 1811 amice
1380 1773 1510 1821 ledor,
1540 1771 1781 1813 nobiliffimo
1808 1773 1915 1816 Guil.

310 1825 517 1880 Bosivello,
544 1829 590 1865 ad
610 1841 726 1877 quem
751 1841 794 1866 cx
814 1826 922 1881 ipfius
943 1826 1094 1867 Baconi
1118 1830 1244 1879 legato
1271 1838 1531 1880 pervenerant,
1559 1841 1646 1867 cum
1662 1829 1740 1867 aliis
1763 1831 1804 1868 in
1825 1831 1920 1882 poli-

308 1886 388 1921 tico
416 1886 454 1921 ὅ(
482 1885 619 1921 morali
647 1896 786 1933 genere
807 1884 1016 1930 elaboratis,
1045 1897 1139 1933 quae
1155 1896 1258 1922 nunc
1281 1896 1325 1921 ex
1349 1883 1457 1921 dono
1478 1887 1516 1920 τῐ
1540 1887 1688 1936 μακαρίτῃ
1714 1897 1827 1935 penes
1853 1888 1919 1927 m'c

310 1939 503 1976 servantur
533 1951 614 1976 non
638 1939 703 1976 diu
728 1939 956 1988 premendaz
985 1937 1190 1991 Bofimello,
1218 1937 1386 1988 inquam,
1415 1938 1498 1978 viro
1517 1939 1729 1988 nobilitate,
1759 1943 1918 1991 pruden-

309 1993 361 2031 tia
383 1991 531 2043 insigni,
559 1995 658 2032 varia
681 1995 908 2042 eruditione,
938 1995 1171 2033 humanitate
1191 1994 1348 2041 summa,
1377 1996 1415 2032 ὃ(
1435 1995 1579 2032 oratori
1600 1994 1696 2032 olim
1718 1997 1815 2045 apud
1838 1996 1917 2037 Ba-

311 2054 432 2087 tavos
447 2046 577 2101 Angla
592 2066 607 2092 ,-
647 2050 749 2094 cujus
774 2048 895 2087 sancta
922 2050 1017 2087 mihi
1041 2051 1229 2088 memoria
1257 2049 1316 2088 est.
1371 2050 1467 2088 Vale
1495 2052 1533 2088 ὃς
1563 2050 1761 2088 conatibus
1783 2051 1918 2092 nostris

311 2103 407 2151 fave,
436 2105 502 2152 qui
525 2116 616 2141 mox
643 2105 749 2153 plura
776 2105 899 2143 daturi
925 2104 1050 2143 sumus
1076 2103 1303 2144 Baceniana
1327 2105 1444 2143 latine
1470 2104 1584 2152 versa,
1611 2106 1814 2144 maximam
1838 2120 1918 2160 par-

313 2169 394 2196 tem
417 2159 585 2200 inedita3
625 2161 661 2196 ὃς
690 2162 831 2206 συλλογὴν
858 2159 1086 2198 adornamus
1113 2160 1362 2212 epistolarum,
1395 2171 1485 2210 quas
1513 2161 1570 2198 vir
1603 2157 1920 2204 eminentiffimus

314 2211 435 2266 Hugo
457 2213 620 2252 Grotius
635 2212 774 2263 scripfit
788 2215 834 2252 ad
849 2212 1007 2267 Beggas,
1024 2213 1247 2262 Germanos,
1264 2213 1403 2263 Italos,
1429 2212 1577 2262 Succos,
1606 2213 1766 2263 Danas,
1788 2216 1920 2257 Gallis

315 2270 489 2321 exceptis,
519 2281 608 2318 quas
633 2265 855 2307 clariffimus
885 2267 1080 2308 Saravius
1107 2271 1257 2309 senator
1282 2267 1507 2321 Parifiensis
1533 2269 1663 2308 edidit.
1718 2271 1921 2323 Rogantur

317 2324 443 2372 itaque
466 2325 508 2360 in
530 2335 696 2373 quorum
720 2336 853 2362 manus
875 2324 965 2362 haec
989 2326 1206 2374 inciderint,
1235 2335 1290 2373 ut,
1318 2323 1344 2363 fi
1358 2324 1447 2374 quid
1462 2325 1538 2370 ejus
1552 2335 1666 2363 notae
1679 2325 1830 2376 habent,
1858 2339 1922 2368 aut

318 2377 441 2415 sciunt
471 2379 571 2416 unde
596 2378 724 2417 haberi
748 2390 871 2429 queat,
901 2380 947 2417 ad
969 2381 1250 2434 typographum
1263 2379 1519 2419 transmittant
1542 2379 1814 2431 &fignificent,
1842 2395 1922 2422 cae-

318 2434 405 2470 teris
421 2434 496 2480 jam
511 2434 678 2472 conectis
692 2436 986 2487 aggregandum.

361 2539 460 2577 Hagae
480 2541 607 2577 Comitis,
630 2542 666 2571 26
679 2542 755 2572 Nov.

398 2579 424 2605 vi
437 2578 497 2607 Kal.
513 2580 582 2608 Dec.
595 2580 678 2620 1653.

326 2670 406 2737 {aa}
423 2669 582 2739 'clssissfflffiitssc
600 2674 694 2706 seriem
709 2675 871 2706 tractatuum
886 2683 984 2714 parum
999 2675 1146 2707 immutare
1166 2675 1255 2706 visum
1274 2675 1310 2707 est
1326 2676 1356 2707 in
1378 2675 1430 2707 hac
1450 2676 1590 2708 editione3
1608 2674 1682 2714 quod
1700 2683 1735 2704 ex
1753 2673 1926 2714 praefation}

1440 2933 1931 2988 FRANCISCUS
