1973 3570
153 260 216 304 24

371 236 666 287 NORMA
723 226 1194 278 HISTORIAE
1247 219 1798 269 PRAESENTiS.

285 336 342 374 his
366 334 642 372 Abececlarium
672 340 815 367 novum
839 326 1085 371 confecimus,
1119 324 1156 359 ὃ(
1181 320 1246 358 sub
1266 319 1381 356 finem
1404 319 1512 364 hujus
1536 319 1744 355 voluminis
1766 322 1885 371 collo-

289 391 466 429 cavimus.
938 406 942 409 ·
1143 394 1150 397 “
1418 415 1419 418 =
1738 430 1744 435 ,
1780 398 1791 421 '2
1836 429 1848 435 ,

342 446 563 482 T1TULos
589 441 689 488 (eum
713 439 758 475 acl
781 448 916 475 omnes
937 435 1048 472 nullo
1074 431 1195 468 modo
1219 425 1458 474 sufficiamus)
1489 439 1572 464 non
1596 440 1638 463 ex
1663 423 1801 481 ordmss
1826 431 1887 467 led

291 513 336 538 ex
352 498 495 535 delectu
512 493 747 545 sumpsimus3
776 502 939 540 quorum
956 489 1091 526 scilicet
1109 483 1314 533 inquisitio,
1345 494 1406 519 aut
1422 493 1575 531 propter
1592 483 1699 520 usum
1717 494 1794 520 crat
1809 497 1888 533 gra-

292 550 449 599 vissima,
471 562 531 588 aut
547 561 701 600 propter
716 547 863 596 copiam
879 545 1225 594 experimentorum
1242 540 1403 575 maxime
1420 537 1638 595 commoda,
1659 549 1720 574 aut
1736 550 1889 588 propter

294 607 559 646 obscuritatem
575 607 627 641 rei
644 605 804 640 maxime
818 596 981 637 difficilis
996 601 1031 635 ὃ(
1048 597 1198 641 nobilis,
1219 601 1279 631 aut
1293 604 1447 642 propter
1461 592 1746 641 discrepantiam
1760 595 1890 632 titulo-

295 675 380 701 rum
397 664 493 698 inter
515 659 560 705 se,
591 654 764 696 latissime
780 666 909 705 patens
924 654 967 690 ad
984 651 1164 700 exempla.
1451 703 1456 708 ἡ

349 719 400 754 IN
424 716 544 752 titulis
561 711 722 758 singulis,
750 711 829 760 post
846 710 989 745 aditum
1012 706 1201 755 quendam
1221 713 1283 740 aut
1307 702 1591 751 praefationem,
1620 702 1740 739 statim
1766 706 1891 753 topica

297 771 542 822 particularia,
559 754 629 805 five
643 768 817 804 articulos
833 761 1083 811 inquisitionis
1098 760 1359 809 proponimus,
1381 767 1464 793 tum
1481 757 1525 793 ad
1542 758 1670 794 lumen
1688 757 1893 807 inquisitio-

298 828 356 863 nis
371 823 568 874 ptaesentis
583 832 664 859 tum
680 822 724 857 ad
739 819 1051 869 provocationem
1068 816 1222 851 futurae.
1267 813 1428 848 Domini
1442 813 1546 847 enim
1563 813 1823 859 quaestionum
1840 814 1893 851 su-

297 892 393 925 mus,
423 889 546 915 rerum
563 889 641 913 non
658 877 760 911 item.
817 874 953 918 Neque
968 880 1095 906 tamen
1111 866 1370 915 quaestionum
1391 866 1567 903 ordinem
1585 869 1624 903 in
1647 869 1804 905 Historia
1820 869 1895 918 ipsa

299 932 458 986 praecise
481 931 727 973 observamus,
758 939 805 963 ne
820 925 1095 974 impedimento
1111 921 1164 968 fit,
1193 921 1297 969 quod
1312 932 1381 968 pro
1397 922 1535 957 auxilio
1551 922 1759 960 adhibetur.

357 989 601 1024 HISTORIA
625 986 662 1021 ὅ(
678 983 933 1032 experimenta
956 980 1120 1015 omnino
1135 978 1271 1027 primas
1295 985 1414 1023 partes
1428 985 1573 1012 tenent.
1630 979 1682 1014 Ea
1703 977 1728 1015 fi
1745 991 1896 1019 enumc-

298 1043 490 1078 rationem
507 1041 543 1076 δε
558 1037 691 1075 seriem
712 1047 838 1073 rerum
853 1035 1133 1084 particularium
1155 1031 1365 1076 exhibeant,
1396 1032 1436 1067 in
1451 1032 1595 1068 tabulas
1617 1033 1871 1072 conficiuntur
1886 1051 1897 1077 5

302 1097 410 1134 aliter
426 1093 590 1132 seorsum
610 1093 855 1141 excipiuntur.

358 1151 473 1187 CUM
488 1148 636 1185 historia
657 1150 696 1184 ὅ(
711 1147 964 1195 experimenta
987 1137 1191 1192 saepiffime
1205 1153 1277 1177 nos
1299 1139 1482 1187 deserantg
1512 1141 1728 1190 praesertim
1745 1144 1900 1183 lucifera

303 1206 378 1251 illa,
408 1207 444 1241 ὅ(
472 1200 665 1240 instantiae
688 1201 818 1247 crucis,
846 1211 911 1248 per
926 1210 1014 1247 quas
1035 1198 1080 1233 de
1096 1198 1190 1233 veris
1215 1207 1341 1239 rerum
1366 1194 1477 1233 causis
1500 1197 1711 1234 intellcecui
1733 1200 1900 1237 constare

303 1252 438 1309 posl'it3
476 1257 650 1295 mandata
671 1257 799 1293 damus
814 1255 860 1291 de
885 1253 1148 1302 experimentis
1171 1252 1292 1296 novis,
1321 1261 1506 1298 quantum
1533 1252 1745 1300 prospicere
1769 1256 1901 1293 animo

304 1315 505 1365 possumus,
543 1313 647 1361 aptis,
684 1311 730 1348 ad
758 1310 795 1347 id
820 1309 923 1357 quod
951 1309 1151 1356 quaeritur.
1207 1307 1311 1342 Haec
1334 1306 1508 1343 mandata
1536 1317 1715 1354 tanquam
1739 1309 1902 1348 Historia

304 1367 488 1418 designata
514 1366 609 1404 sunt.
665 1365 768 1419 Quid
796 1365 901 1402 enim
926 1363 1027 1401 aliud
1055 1362 1167 1398 nobis
1192 1362 1320 1411 primo
1349 1362 1448 1398 viam
1470 1362 1770 1411 ingredientibus
1793 1366 1903 1402 relin-

307 1425 454 1472 quitur?

360 1479 448 1515 EXP
462 1486 713 1514 ER1MENT1
737 1474 890 1516 alicuius
906 1472 1108 1509 subtilioris
1129 1470 1303 1516 modum,
1331 1482 1411 1518 quo
1434 1468 1485 1508 usi
1499 1470 1638 1518 summ,
1667 1474 1906 1522 explicamus,

308 1545 357 1571 ne
372 1544 479 1570 error
503 1529 630 1572 subsit3
661 1541 777 1579 utque
801 1531 892 1566 alios
908 1528 951 1564 ad
975 1528 1151 1565 meliores
1167 1528 1204 1563 ὅ(
1227 1527 1347 1575 magis
1368 1526 1514 1562 exactos
1536 1527 1676 1573 modos
1692 1532 1907 1579 excogitan—

309 1588 378 1625 dos
394 1588 605 1624 excitemus.

361 1642 500 1678 MoNl
511 1652 568 1677 TA
589 1642 626 1677 ὅ(
641 1640 832 1677 cautiones
846 1638 892 1676 de
908 1650 1034 1675 renim
1055 1637 1221 1682 fallaciis,
1250 1637 1299 1682 δε,
1328 1636 1393 1683 qui
1409 1635 1448 1672 in
1464 1636 1696 1685 inquirendo
1712 1640 1749 1675 ὃ(
1763 1640 1909 1677 inveni-

310 1696 412 1734 endo
437 1691 579 1745 poss'mt
601 1706 809 1740 occurrere,
838 1693 1027 1730 erroribus
1049 1695 1086 1729 ὃς
1110 1691 1290 1740 scrupulis
1313 1690 1560 1739 asper-gimus3
1590 1702 1630 1730 ut
1653 1693 1910 1743 phantasmata

312 1751 454 1796 omnia,
485 1760 667 1798 quantum
680 1748 760 1785 fieri
774 1745 908 1799 potest,
936 1758 1102 1796 tanquan
1117 1745 1327 1783 exorcismo
1342 1746 1526 1794 fugemus.

366 1804 773 1842 OBSERVATIONES
802 1803 939 1840 nostras
967 1802 1072 1851 super
1095 1801 1297 1839 Historiam
1326 1802 1363 1838 ὅ(
1386 1802 1640 1849 experimenta
1669 1802 1910 1852 subteximus,

313 1869 354 1897 ut
369 1860 629 1909 interpretatio
643 1869 794 1895 naturae
808 1859 926 1908 magis
940 1856 980 1895 fit
999 1859 1039 1895 in
1055 1856 1263 1907 procinstu.

370 1914 856 1959 COMMENTATIONES,
892 1915 930 1949 δε
952 1923 1117 1960 tanquan
1143 1911 1357 1948 rudimenta
1382 1910 1565 1959 quaedam
1589 1913 1913 1962 interpretationis

316 1969 363 2005 de
390 1966 512 2014 causiS,
554 1979 672 2017 parce,
715 1971 751 2005 &
778 1968 896 2017 magis
925 1966 1160 2017 suggerendo
1193 1966 1284 2014 quid
1312 1965 1381 2002 ess'e
1408 1962 1522 2015 poffit
1551 1979 1664 2016 quam
1693 1968 1912 2008 definiendo

316 2023 407 2072 quid
425 2021 477 2069 fit,
507 2024 794 2072 interponimus.

372 2078 618 2124 CANoNEs,
648 2076 709 2114 sed
733 2088 861 2114 tamen
876 2077 1035 2113 mobiles
1059 2074 1129 2113 five
1144 2076 1329 2113 axiomata
1351 2075 1525 2112 inchoata
1540 2088 1634 2124 qnae
1658 2079 1768 2114 nobis
1792 2080 1912 2128 inqui-

316 2132 496 2178 rentibus,
532 2144 613 2169 non
634 2132 983 2181 pronunciantibus,
1020 2131 1056 2168 se
1080 2130 1247 2168 offerunt
1272 2129 1556 2180 praescribimus
1579 2134 1616 2169 ὃ(
1639 2133 1913 2172 constituimus„

320 2186 449 2225 Utiles
465 2188 567 2222 enim
584 2186 680 2233 sunt,
708 2184 734 2223 ss
749 2198 830 2225 non
844 2186 992 2236 prorsus
1006 2187 1096 2223 veri.

375 2240 689 2280 UTILITATIS
716 2241 903 2279 humanae
930 2252 1127 2289 nunquam
1148 2240 1262 2277 obliti
1291 2238 1398 2288 (licet
1421 2240 1483 2278 lux
1511 2239 1587 2290 ipsa
1609 2242 1763 2292 dignior
1791 2241 1832 2281 {it
1859 2246 1917 2292 iis,

324 2306 417 2342 quac
440 2306 460 2331 a
482 2296 563 2331 luce
587 2294 856 2345 monstrantur)
880 2296 1137 2333 vellicationes
1151 2294 1198 2331 de
1221 2295 1390 2344 praefica,
1419 2297 1624 2334 attentioni
1649 2300 1686 2335 &
1709 2302 1917 2338 memoriae

324 2348 526 2384 hominum
551 2348 781 2394 subjicimus3
811 2362 898 2387 eum
920 2351 1032 2387 nobis
1047 2350 1187 2386 constet
1213 2351 1329 2387 talem
1345 2352 1382 2386 &
1396 2359 1475 2386 tam
1500 2351 1693 2389 infelicem
1708 2353 1778 2389 effe
1794 2354 1917 2392 homi-

326 2414 420 2438 num
442 2399 644 2451 stuporem,
673 2414 713 2440 ut
737 2405 961 2454 quandoque
977 2416 1032 2442 res
1055 2414 1141 2441 ante
1156 2404 1268 2453 pedes
1286 2403 1431 2455 pofitaS,
1461 2404 1528 2443 nifi
1544 2408 1696 2455 moniti,
1725 2419 1807 2445 non
1821 2410 1919 2448 vide·

324 2467 390 2493 ant
406 2455 466 2493 sed
480 2467 722 2505 praetereant.

381 2511 550 2548 OPERA
580 2514 617 2549 ὅ(
639 2524 696 2549 res
724 2507 980 2562 impossibiles,
1016 2524 1079 2552 aut
1107 2513 1237 2551 saltem
1260 2514 1381 2552 adhuc
1405 2526 1487 2552 non
1515 2517 1697 2563 inventas,
1733 2530 1829 2566 quae
1856 2520 1923 2558 sub

327 2562 477 2614 singulis
491 2567 610 2603 titulis
631 2567 782 2613 cadunt,
809 2570 1079 2616 proponimus3
1108 2579 1220 2617 atque
1234 2581 1308 2606 una
1331 2582 1385 2617 ea,
1415 2571 1598 2617 quaejam
1619 2574 1770 2612 inventa
1784 2570 1922 2613 ffint&

329 2620 368 2655 in
384 2620 585 2657 hominum
600 2621 786 2670 potestate,
806 2632 916 2670 atque
931 2620 1219 2671 impossibilibus
1236 2625 1321 2672 illis,
1351 2628 1483 2662 &non
1498 2628 1673 2675 inventis,
1702 2626 1787 2664 sunt
1799 2629 1924 2680 pssroxi-

329 2685 391 2712 ma
406 2676 618 2712 &maxime
641 2686 812 2725 cognata,
840 2676 1116 2727 subjungimus
1145 2689 1187 2717 ut
1209 2677 1318 2718 simui
1340 2683 1379 2717 ὃ(
1403 2680 1580 2719 industria
1603 2681 1767 2720 humana
1789 2686 1922 2737 effagcite-

327 2737 388 2766 tur
407 2739 518 2777 atque
537 2731 654 2767 animi
673 2731 866 2769 addantur.
1795 2730 1798 2733 ’

382 2783 409 2820 Ρ
419 2795 445 2819 A
455 2795 479 2820 T
489 2794 511 2820 r:
521 2795 545 2820 τ
560 2796 602 2821 cx
617 2786 810 2823 antedictis
831 2786 1031 2824 Historiam
1045 2787 1288 2836 praesentem,
1316 2803 1398 2831 non
1421 2803 1570 2831 tantum
1585 2794 1718 2830 tertiae
1733 2793 1844 2842 partis
1859 2783 1923 2831 ⁴In-

329 2833 564 2876 staurationis
585 2839 683 2876 vices
706 2839 884 2889 supplere,
913 2840 975 2879 sed
997 2846 1318 2892 praeparationem
1333 2848 1404 2885 ess'e
1426 2861 1508 2886 non
1530 2847 1854 2884 contemnendam
1877 2849 1924 2886 ad

330 2902 510 2950 quartam,
539 2903 693 2943 propter
708 2896 838 2932 titulos
854 2908 895 2934 cx
911 2896 1158 2946 Abecedario,
1188 2902 1225 2937 &
1240 2902 1388 2950 topica3
1418 2906 1455 2942 δ(
1471 2903 1516 2942 ad
1532 2901 1671 2940 sextam
1684 2904 1923 2955 propterob-

313 2948 552 2989 acrvationcs
566 2949 741 2999 majores,
767 2953 1123 3001 commentationes,
1152 2956 1190 2993 ὅ(
1204 2965 1377 2996 canones
1890 2971 1895 2974 ·

1879 2974 1902 2991 ft

1835 2996 1841 3006 ⁴
1850 2997 1914 3024 ima·

1614 3033 1923 3106 HISTOftflA
