1973 3570
558 193 974 246 HISTORIA
1026 186 1546 242 VENTORUMt

258 299 393 344 mistae,
424 299 527 345 quod
551 296 757 350 periculose
778 297 814 331 ὃ(
838 295 914 333 fei-c
938 293 1098 330 tonitrui
1125 288 1245 326 modo
1270 293 1309 326 in
1331 285 1551 338 quibusdam
1571 283 1859 339 praeparationi-

259 359 326 395 bus
342 364 511 404 erumpat
530 367 539 394 ς
570 352 629 389 sed
645 352 690 390 de
710 352 765 388 his
786 350 880 388 mihi
897 361 978 386 non
999 355 1238 395 compertum
1259 344 1319 381 cst,

725 554 1124 666 Observata)
1181 550 1422 657 major.

411 780 573 819 OTUS
594 788 796 816 ventorum
817 787 995 824 tanquam
1017 776 1057 811 in
1080 775 1229 824 speculo
1250 773 1428 825 spcstatur
1445 774 1484 810 in
1501 774 1668 812 motibus
1688 786 1869 823 aquarum

266 777 400 889 M
433 835 555 885 quoad
577 834 747 885 plurima.

323 895 359 930 V
369 902 486 928 ENTI
516 889 642 935 magni
675 885 758 921 sunt
782 884 1050 920 inundationes
1070 884 1173 929 aem,
1203 883 1328 930 quales
1349 882 1630 931 conspiciuntur
1655 883 1870 920 inundatio-

269 960 334 986 nes
363 954 561 993 aquaru1n3
591 951 768 988 utraeque
795 951 837 975 ex
860 939 968 975 auCto
999 948 1153 985 quantO,
1210 937 1547 989 Quemadmodum
1573 946 1688 987 aquae
1719 948 1781 975 aut
1810 939 1872 975 de-

268 1001 450 1039 scendunt
470 1010 511 1034 ex
537 997 627 1042 alto,
656 1005 719 1032 aut
747 1003 923 1030 emanant
944 1004 964 1029 e
987 1002 1109 1028 terra:
1140 994 1189 1029 ita
1211 995 1247 1029 &
1266 1003 1466 1030 ventorum
1497 994 1675 1030 nonnulli
1701 992 1785 1030 sunt
1811 993 1872 1030 de-

268 1056 364 1102 jeffi,
392 1047 572 1091 >nonnulli
594 1049 804 1098 exsurgunt.
861 1047 1199 1099 Quemadmodum
1220 1059 1500 1095 nonnunquam
1521 1050 1619 1085 intra
1640 1060 1768 1085 amnes
1788 1047 1873 1086 sunt

269 1109 450 1148 contrarii
471 1116 623 1145 motus;
666 1116 762 1141 unus
786 1103 903 1140 fluxus
926 1103 1051 1147 maria,
1090 1103 1181 1138 alter
1215 1102 1339 1139 cursus
1368 1103 1514 1143 amnis3
1555 1105 1590 1140 &
1621 1102 1874 1140 nihilominus

270 1166 402 1202 unicus
422 1158 581 1199 efficitur
601 1169 740 1204 motus,
769 1158 1003 1207 praevalente
1026 1157 1127 1194 fluxu.
1147 1158 1282 1193 maris:
1315 1158 1365 1193 ita
1387 1159 1422 1194 &
1438 1157 1614 1195 flantibus
1638 1160 1760 1196 ventis
1783 1169 1874 1195 con-

271 1220 408 1265 trariis,
436 1217 556 1262 major
572 1216 612 1251 in
627 1214 803 1251 ordinem
818 1213 953 1262 redigit
974 1213 1176 1248 minorem.
1231 1211 1567 1264 Quemadmodum
1584 1214 1623 1249 in
1640 1212 1876 1254 currentibus

272 1274 397 1318 maris,
427 1274 463 1308 ὅ(
485 1270 723 1319 quorundam
750 1269 932 1313 amnium,
963 1267 1167 1315 aliquando
1197 1268 1333 1313 evenit,
1374 1276 1414 1303 ut
1437 1279 1571 1316 gurges
1594 1269 1634 1304 in
1660 1267 1875 1304 summitate

274 1340 388 1376 aquae
408 1329 449 1363 in
470 1325 703 1362 contrarium
718 1333 844 1371 vergat
865 1323 1005 1371 gurgiti
1021 1323 1061 1358 in
1077 1321 1272 1371 profundo
1289 1335 1296 1357 :
1326 1323 1376 1358 ita
1397 1323 1433 1358 ὅ(
1453 1323 1493 1358 in
1514 1324 1609 1368 aere,
1639 1321 1817 1360 flantibus
1836 1319 1877 1358 fi-

273 1383 355 1419 mul
375 1381 571 1418 contrariis
589 1380 722 1423 ventis,
751 1379 843 1414 alter
866 1378 1025 1413 alterum
1049 1376 1270 1427 supervolat.
1326 1376 1665 1428 Quemadmodum
1679 1377 1764 1414 sunt
1784 1386 1877 1415 cata-

273 1438 392 1474 racsstae
406 1437 617 1487 pluviarum
632 1435 672 1469 in
695 1432 812 1481 spatio
831 1431 1009 1480 angustos
1038 1430 1205 1467 similiter
1226 1434 1262 1467 ὃ(
1283 1431 1451 1468 turbines
1465 1441 1698 1480 ventorum..
1735 1432 1877 1484 Quem-

274 1491 482 1529 admodum
501 1501 626 1537 aquae,
656 1498 846 1535 utcunque
865 1486 1165 1537 progrediantur,
1193 1496 1321 1522 tamen
1340 1483 1366 1522 fi
1389 1487 1623 1534 perturbatae
1639 1486 1792 1533 fuerint,
1821 1487 1878 1524 in-

274 1549 386 1584 terim
410 1545 604 1590 undulant,
634 1543 754 1579 modo
774 1541 1013 1578 ascendentes
1028 1543 1065 1578 &
1085 1542 1307 1587 cumulatae,
1335 1541 1456 1577 modo
1471 1540 1737 1578 descendentes
1756 1543 1793 1578 &
1810 1541 1877 1578 sul-

274 1611 397 1640 catae;
426 1598 594 1635 similiter
614 1598 755 1634 faciunt
777 1599 812 1633 &
832 1597 947 1642 venti,
975 1594 1043 1633 nisi
1067 1596 1170 1643 quod
1199 1593 1286 1632 absit
1311 1606 1439 1632 motus
1458 1597 1658 1644 gravitatis.
1718 1597 1814 1634 Sunt
1841 1597 1882 1633 δε

274 1656 366 1693 aliae
391 1652 662 1700 sunilitudines,
691 1663 785 1700 quae
805 1663 848 1690 ex
869 1652 913 1687 iis
934 1663 1028 1699 quae
1049 1648 1221 1699 inquisita
1241 1649 1325 1688 sunt
1344 1652 1470 1687 notari
1490 1650 1651 1701 possunt,

551 1871 855 1944 Canones
910 1864 1178 1943 mobiles
1228 1865 1311 1943 de
1363 1864 1608 1942 ventis.

831 2092 1322 2132 CONNEXIO.

388 2202 638 2242 ANONES
664 2213 727 2240 aut
750 2204 987 2252 particulares
1012 2205 1095 2242 sunt
1112 2213 1173 2241 aut
1193 2202 1405 2252 generales3
1435 2204 1583 2252 utrique
1603 2205 1764 2243 mobiles
1783 2208 1882 2257 apud

362 2273 369 2277 -
409 2271 489 2296 nos.
546 2259 615 2295 Nil
628 2259 732 2294 enim
747 2258 866 2295 adhuc
881 2262 1184 2308 pronunciamus.
1242 2257 1297 2293 At
1317 2259 1553 2306 particulares
1573 2269 1618 2295 ex
1634 2258 1784 2310 fingulis
1803 2260 1884 2301 fere

283 2314 445 2350 articulis
463 2312 613 2364 possunt
643 2312 791 2361 decerpi
817 2323 879 2350 aut
909 2316 1105 2364 expromi3
1135 2313 1337 2364 generaleS,
1367 2313 1505 2362 cosque
1535 2325 1685 2364 paucos,
1713 2314 1779 2366 ipfi
1805 2317 1882 2364 jam

284 2379 520 2416 excerpemus
536 2369 572 2403 &
593 2366 866 2416 subjungemus.

345 2433 376 2458 1.
410 2423 610 2459 VENTUS
635 2433 715 2457 non
736 2420 784 2457 est
798 2423 898 2460 aliud
924 2424 1115 2472 quippiam
1141 2425 1187 2461 ab
1211 2428 1294 2463 a‘ere
1314 2434 1438 2470 moto,
1469 2422 1528 2460 sed
1546 2423 1621 2473 ipse
1639 2427 1702 2463 a'e'r
1723 2434 1852 2465 motus
1868 2442 1881 2468 ς

285 2487 346 2514 aut
367 2488 431 2525 per
453 2473 714 2525 impulsionem
735 2473 938 2524 simplicem
959 2489 1020 2515 aut
1037 2491 1100 2527 per
1120 2479 1393 2517 immistionem
1412 2490 1608 2529 vaporum.

343 2542 377 2567 2.
407 2531 570 2568 VENTt
598 2542 663 2579 per
690 2529 952 2580 impulsionem
979 2535 1071 2570 a'eris
1095 2531 1301 2583 fimplicem
1323 2534 1417 2571 fiunt
1446 2543 1609 2582 quatu-or
1637 2535 1789 2573 modis:
1818 2545 1883 2579 aut

285 2597 352 2635 per
372 2595 522 2621 motum
541 2587 632 2621 aeris
647 2586 866 2632 naturalem,
895 2597 956 2624 aut
981 2600 1046 2636 per
1067 2587 1329 2638 expansionem
1343 2590 1435 2625 aeris
1458 2590 1499 2626 in
1519 2591 1587 2627 viis
1612 2589 1711 2637 solis,
1740 2600 1802 2628 ant
1817 2598 1885 2641 per

287 2641 544 2689 receptionem
564 2641 654 2676 aeris
669 2651 711 2676 ex
726 2639 867 2689 frigore
879 2640 1085 2691 subitaneo,
1115 2652 1176 2682 aut
1189 2655 1255 2693 per
1270 2640 1588 2693 compreffionem
1605 2646 1698 2683 a'eris
1716 2657 1782 2696 per
1802 2658 1884 2684 cor—

287 2707 379 2744 pora
399 2704 558 2731 externa.

339 2751 507 2786 Possm
531 2748 600 2785 css'e
615 2750 651 2785 δ(
673 2751 825 2798 quintus
844 2750 981 2787 modus
1000 2763 1064 2800 per
1090 2754 1336 2803 agitationem
1356 2756 1392 2791 &
1417 2751 1705 2792 concuffionem
1720 2755 1813 2793 a'eris
1836 2752 1883 2793 ab

288 2802 385 2840 astris
403 2818 410 2840 :
439 2803 500 2840 sed
520 2801 645 2840 sileant
661 2804 841 2853 paulisper
857 2804 1071 2850 hujusmodi
1087 2820 1154 2853 res,
1184 2818 1245 2846 aut
1268 2809 1464 2847 audiantur
1484 2821 1592 2858 parca
1604 2809 1688 2847 fide.

346 2869 379 2907 3.
410 2859 699 2896 VENTORUM
728 2861 791 2907 qui
815 2859 909 2897 fiunt
929 2872 995 2909 per
1017 2862 1287 2900 immistionem
1306 2876 1489 2914 vaporum
1502 2866 1697 2913 praecipua
1712 2862 1816 2902 causa
1836 2862 1886 2902 est

293 2912 572 2961 super-onerario
586 2914 678 2950 aeris
700 2925 765 2962 per
787 2916 909 2951 aetem
926 2917 1074 2955 noviter
1088 2917 1226 2958 iactum
1247 2930 1289 2958 ex
1304 2919 1500 2970 vaporibus
1516 2936 1530 2962 ,ε
1560 2921 1662 2957 unde
1681 2920 1804 2957 moles
1828 2923 1884 2957 a'e-

294 2968 343 3005 ris
358 2967 531 3006 excrescit
551 2969 700 3007 &nova
721 2968 831 3019 spatia
846 2971 999 3020 quaerit.

1588 3093 1624 3132 4.
1656 3083 1884 3135 QUANTUM

1862 3204 1880 3238 3
