1973 3570
442 267 935 335 INQUISITIO
989 270 1090 316 DE
1139 268 1401 316 ΜοΤυ.

111 366 285 415 refragari
308 365 508 412 rideretur,
545 365 638 404 illud
660 377 725 414 per
753 364 1005 404 dffiinffiones
1032 375 1094 402 aut
1123 364 1338 413 regularum
1368 362 1515 401 suarum
1539 363 1709 411 explana-

107 423 232 459 tiones
255 423 293 457 iu
318 421 492 457 ordinem
516 422 747 470 redigerent:
776 431 837 458 aut
857 419 882 457 si
901 421 947 457 de
968 432 1095 457 rerum
1119 420 1399 469 particularium
1423 415 1534 456 causis
1556 420 1707 457 mentio

107 477 334 521 injiceretur,
364 487 421 512 cas
439 476 486 512 ad
503 475 770 525 speculationes
790 475 868 513 suas
882 475 1076 525 ingeniose
1099 475 1444 512 accommodarent.
1499 474 1628 520 Itaque
1648 486 1705 512 res

106 534 142 568 ἃ
165 533 281 567 totius
301 529 434 567 erroris
454 531 636 582 processus
650 530 798 579 prorsus
813 541 932 580 patet:
962 542 1051 567 nam
1072 532 1108 568 ὅ(
1123 525 1251 566 missio
1271 526 1518 581 experientiae
1531 539 1705 579 praepro-

106 598 192 638 pera
216 585 308 624 fuit:
346 588 382 622 ὁ(
407 583 665 623 conclusiones
691 586 835 622 mediae
864 585 971 634 (quae
996 596 1155 637 opetum
1178 586 1274 622 vitae
1296 583 1394 632 sunt)
1420 593 1482 620 aut
1501 583 1702 631 neglectae,

105 651 168 679 aut
186 640 338 678 infirmo
363 641 612 685 fundamento
632 638 823 689 impositae
849 641 957 681 sunt5
986 642 1022 678 ὅ(
1037 639 1156 677 sensui
1174 637 1238 689 ipsi
1261 640 1340 688 (qui
1361 650 1441 676 non
1460 637 1705 687 repraesenta-

106 696 181 743 tur)
207 697 350 745 ingenii
371 695 551 742 quaedam
571 694 663 732 faCta
686 695 734 731 cst
757 695 965 733 substitutio
990 696 1185 744 illegitima
1205 697 1242 732 ὃς
1263 694 1405 740 infelix,
1443 695 1480 730 ὅς
1500 690 1525 730 fi
1545 704 1617 741 qua
1637 694 1706 730 sre-

105 762 223 799 quens
246 750 381 787 alicubi
404 751 501 786 inter
525 762 659 787 eorum
683 750 813 800 scripta
840 752 1050 788 inveniatur
1073 751 1334 799 exemplorum
1359 752 1394 786 ὃ(
1424 749 1703 797 particularium

104 806 264 850 mentio,
296 805 335 842 id
355 804 450 850 sero,
479 807 514 842 δε
536 804 729 857 postquam
746 806 819 850 jam
842 806 1036 843 decretum
1053 805 1139 842 essct
1163 805 1209 842 de
1225 805 1367 856 placitis
1387 803 1470 850 suis,
1500 803 1639 839 fastum
1655 801 1707 839 es-

105 859 149 901 se,
166 860 316 897 constat.
375 859 510 897 Nostra
537 871 663 897 autem
691 862 788 897 ratio
815 860 903 899 huie
926 862 1088 897 maxime
1115 861 1300 897 contraria
1321 860 1388 896 est:
1426 858 1530 907 quod
1555 858 1704 895 tabulae

105 914 246 954 affatim
274 925 374 952 extra
398 913 689 952 controversiam
713 926 872 964 ponunt.
927 916 1074 967 Quibus
1097 913 1222 964 positis
1247 917 1284 951 &
1307 914 1401 952 illud
1427 914 1605 962 sequitur,
1642 913 1703 949 ad—

100 971 347 1015 mirationem
371 982 463 1018 quae
487 970 707 1019 quibusdam
727 983 768 1007 cx
785 973 947 1020 antiquis
970 980 1031 1008 aut
1047 972 1109 1007 alii
1129 971 1292 1019 cuipiam
1306 969 1494 1014 tribuitur,
1524 968 1704 1005 intactam

104 1026 406 1064 &imminutam
427 1037 589 1062 manere.
646 1027 747 1063 Nam
773 1028 812 1063 in
837 1027 880 1062 iis
901 1037 993 1074 quae
1019 1024 1057 1062 in
1079 1027 1237 1074 ingenio
1261 1027 1296 1062 ὅ(
1323 1022 1568 1061 meditatione
1587 1020 1704 1072 posita

105 1078 200 1126 sunt,
229 1081 283 1116 illi
301 1081 488 1117 mirabiles
511 1080 685 1117 homines
707 1081 741 1117 sc
755 1080 1025 1129 praestiterunt.
1082 1079 1217 1117 Nostra
1233 1090 1358 1116 autem
1381 1081 1468 1116 talia
1481 1077 1578 1124 sunt,
1607 1089 1702 1125 quae

104 1135 306 1172 hominum
322 1136 471 1184 ingenia
496 1138 530 1172 ὅ(
546 1135 736 1172 facultates
756 1135 834 1172 fere
853 1145 1024 1183 aequant.
1081 1136 1183 1172 Nam
1207 1133 1531 1182 quemadmodum
1546 1133 1591 1169 ad
1612 1133 1698 1180 hoc,

105 1200 145 1226 ut
169 1190 266 1226 linea
288 1190 384 1226 reete
408 1189 644 1235 describatur,
673 1190 879 1241 plurimum
902 1190 949 1226 est
971 1191 1012 1225 in
1036 1199 1168 1225 manus
1191 1191 1228 1225 &
1246 1188 1341 1233 visus
1361 1188 1549 1233 facultate,
1586 1185 1612 1223 si
1634 1198 1701 1236 per

101 1242 345 1282 constantiam
369 1256 501 1282 manus
521 1247 557 1282 ὃ(
577 1245 779 1282 oculorum
802 1245 983 1290 judicium
1005 1254 1154 1281 tantum
1179 1256 1234 1281 res
1257 1253 1445 1283 tentatur-3
1475 1240 1528 1279 sin
1552 1253 1618 1291 per
1645 1253 1700 1278 re-

100 1300 228 1349 gulam
250 1299 456 1345 admotam,
492 1312 583 1336 non·
596 1300 784 1336 multum:
821 1299 903 1336 Aut
932 1309 973 1336 ut
1000 1301 1114 1336 etiam
1143 1296 1343 1350 simplicius
1371 1298 1482 1334 verba
1509 1297 1700 1343 faciamus,

98 1353 422 1403 quemadmodum
445 1354 490 1393 ad
509 1354 583 1392 hoc
603 1364 643 1391 ut
663 1355 777 1403 longa
797 1352 920 1392 oratio
939 1353 1113 1391 recitetur
1140 1354 1374 1400 memoriter,
1412 1353 1534 1390 homo
1555 1363 1700 1388 memo-

103 1409 156 1447 ria
177 1409 325 1458 pollens
344 1409 390 1446 ab
412 1408 571 1446 homine
594 1409 783 1447 oblivioso
802 1410 942 1448 mirum
965 1408 1005 1446 in
1028 1408 1189 1446 modum
1214 1407 1364 1449 differt;
1401 1405 1455 1445 fin
1481 1407 1528 1444 de
1549 1406 1701 1457 scripto,

101 1476 184 1512 non
200 1465 313 1501 item:
343 1464 472 1502 eadem
488 1466 647 1511 ratione,
677 1466 768 1501 &in
787 1465 1112 1516 contemplatione
1128 1475 1266 1511 rerum,
1295 1475 1389 1512 quae
1410 1461 1547 1500 mentis
1561 1461 1701 1499 viribus

101 1518 226 1556 solum
253 1519 452 1566 incumbit,
481 1519 602 1556 homo
629 1519 780 1556 homini
809 1520 960 1571 praestat
990 1520 1050 1557 vel
1078 1520 1262 1555 maxime:
1302 1520 1345 1555 In
1374 1530 1416 1555 ea
1444 1528 1571 1555 autem
1604 1527 1700 1565 quae

100 1586 167 1635 pet
181 1574 322 1611 tabulas
340 1574 381 1610 fit
397 1576 434 1611 ὃς
451 1587 580 1612 earum
594 1575 702 1611 usum
722 1576 792 1612 rite
807 1574 1030 1619 adhibitum,
1058 1586 1140 1610 non
1160 1574 1285 1611 multo
1300 1574 1421 1618 major
1436 1574 1477 1609 in
1492 1572 1700 1608 hominum

99 1629 294 1668 mtellestu
307 1630 450 1666 eminet
474 1628 724 1678 inaequalitas,
753 1641 866 1678 quam
889 1631 929 1667 in
945 1628 1051 1666 sensu
1070 1628 1181 1666 inesse
1198 1628 1302 1665 solet.
1358 1628 1464 1680 Quin
1480 1629 1516 1664 ὅ(
1535 1627 1581 1663 ab
1597 1627 1701 1676 inge·

100 1685 256 1729 niorum
276 1686 450 1721 acumine
466 1687 503 1722 ὅ(
517 1686 696 1734 agilitate,
725 1685 817 1723 dum
835 1684 901 1722 suo
921 1693 1031 1724 motu
1046 1683 1230 1730 feruntur,
1258 1684 1469 1735 periculum
1483 1682 1704 1719 metuimus.

100 1740 231 1789 ltaque
253 1739 457 1777 hominum
481 1741 641 1789 ingeniis
669 1752 750 1777 non
775 1741 919 1790 plumas
944 1749 1007 1776 aut
1032 1740 1125 1780 alas;
1164 1737 1226 1775 sed
1251 1738 1451 1788 plumbum
1477 1739 1513 1774 δε
1537 1736 1708 1788 pondera

102 1795 286 1832 addimus.
341 1794 502 1832 Accedit
526 1797 563 1832 ὃ(
583 1795 688 1842 illud,
718 1795 822 1844 quod
842 1806 924 1832 rem
944 1795 1121 1832 omnium
1140 1790 1403 1831 difficillimam
1426 1790 1464 1838 (si
1484 1793 1538 1830 vis
1560 1793 1597 1829 &
1616 1803 1707 1828 con-

103 1851 228 1887 tentio
242 1849 472 1897 adhibeatur)
495 1862 559 1899 per
574 1851 715 1887 tabulas
730 1850 868 1887 nostras
884 1848 1016 1899 sponte
1035 1848 1243 1886 secuturam
1257 1860 1336 1886 non
1359 1844 1585 1888 diffidimus3
1612 1846 1710 1884 hanc

82 1902 84 1904 ’
104 1904 222 1954 ipsam
247 1914 287 1942 ut
310 1905 502 1956 postquam
526 1904 701 1942 homines
726 1906 854 1957 primo
876 1903 979 1942 aditu
1002 1904 1149 1941 fortass‘e
1173 1899 1345 1940 difficiles
1370 1905 1407 1940 ὅς
1432 1903 1557 1949 alieni,
1592 1901 1708 1951 paulo

102 1960 183 2012 post
205 1961 349 1996 nativae
372 1971 496 1996 rerum
523 1959 730 2007 subtilitati,
766 1972 860 2008 quae
886 1960 1004 1997 oculis
1024 1958 1095 1996 suis
1118 1958 1323 2006 subjicitur,
1360 1959 1398 1996 ὃ(
1420 1955 1641 1994 differentiis
1663 1957 1707 1992 in

102 2014 326 2066 experientia
350 2015 459 2062 plane
485 2012 630 2062 signatis
657 2017 692 2052 ὃς
716 2011 898 2065 expressis,
935 2015 1177 2054 assheverint3
1214 2015 1404 2051 continuo
1427 2012 1504 2049 fere
1530 2009 1706 2048 subtilita-

101 2080 180 2106 tem
195 2069 396 2106 verborum
418 2072 454 2106 ὃς
469 2069 778 2119 disputationum,
807 2082 901 2119 quae
919 2070 993 2107 huc
1011 2069 1126 2119 usque
1141 2069 1345 2107 hominum
1370 2067 1620 2117 cogitationes
1639 2077 1701 2102 oc-

102 2125 262 2175 cupavit,
302 2127 337 2160 ὃ(
361 2126 495 2168 tenuit,
524 2122 621 2172 quasi
645 2138 716 2176 pro
740 2138 779 2162 rc
800 2125 942 2162 ludicra
965 2128 1002 2162 ὃ(
1026 2124 1187 2174 quadam
1211 2125 1469 2161 incantatione
1495 2124 1534 2158 &
1557 2120 1702 2172 speetro

102 2179 263 2218 habituri
279 2177 369 2219 fint5
400 2189 509 2227 atque
533 2181 578 2215 cle
595 2191 723 2217 natura
748 2181 946 2226 decreturi,
976 2180 1080 2228 quod
1109 2179 1156 2216 de
1170 2178 1325 2216 fortuna
1347 2179 1421 2215 dici
1443 2176 1549 2221 solet,
1577 2185 1659 2211 eam
1680 2185 1702 2210 a

100 2234 229 2273 fronte
251 2235 472 2283 capillatam,
509 2235 554 2270 ab
576 2236 756 2284 occipitio
777 2237 919 2273 calvam
943 2235 1036 2277 effe:
1072 2235 1245 2273 Omnem
1271 2235 1375 2271 enim
1400 2232 1502 2271 istam
1521 2229 1641 2270 seram
1663 2231 1702 2267 ὅ(

101 2289 368 2340 praeposteram
396 2288 652 2336 subtilitatem,
693 2291 887 2341 postquam
913 2299 1064 2340 tempus
1088 2300 1214 2326 rerum
1242 2288 1487 2340 praeterierit,
1528 2293 1703 2327 naturam

101 2344 271 2394 prensare
302 2346 338 2381 δε
365 2354 522 2393 captare,
562 2344 623 2381 sed
653 2356 846 2393 nunquam
874 2343 1152 2395 apprehendere
1180 2345 1217 2379 δε
1245 2353 1374 2391 capere
1401 2339 1513 2392 posse.
1567 2339 1695 2378 Etiam

101 2398 228 2438 vivum
257 2411 327 2437 nos
354 2402 391 2436 ὃ(
414 2400 524 2449 plane
548 2401 756 2437 animatum
777 2398 940 2436 docendi
959 2409 1076 2447 genus
1100 2396 1301 2438 adhibuisse
1327 2394 1570 2432 arbitramur:
1604 2394 1702 2433 Non

102 2456 206 2492 enim
223 2453 422 2492 >seientiam
445 2467 464 2491 a
483 2454 649 2505 stirpibus
664 2454 839 2500 avulsam,
867 2453 930 2490 sed
952 2465 1040 2491 cum
1056 2452 1241 2494 radicibus
1265 2452 1420 2500 integris
1435 2449 1630 2494 tradimus,
1659 2457 1701 2486 ut

100 2510 144 2547 in
162 2510 324 2558 ingeniis
343 2510 564 2547 melioribus
584 2512 685 2548 velut
705 2509 744 2546 in
764 2509 871 2559 gleba
885 2507 1066 2546 feraciore
1086 2506 1361 2556 transplantata,
1390 2516 1573 2555 magnum
1592 2505 1631 2540 &
1649 2501 1701 2539 fe-

100 2562 151 2603 lix
171 2565 448 2602 incrementum
469 2566 631 2616 recipere
651 2561 776 2614 possit.
833 2566 918 2601 Nos
938 2573 1063 2599 autem
1084 2560 1108 2598 si
1128 2574 1201 2610 qua
1219 2559 1259 2603 in
1284 2573 1324 2598 re
1346 2561 1406 2599 vel
1428 2561 1526 2597 male
1543 2557 1701 2601 eredidi-

99 2631 198 2666 muS,
235 2620 294 2657 vel
317 2619 619 2656 obdormivimus
642 2622 679 2659 ὅ(
702 2621 828 2656 minus
847 2618 1087 2663 attendimus,
1117 2617 1175 2655 vel
1190 2615 1408 2663 defecimus,
1437 2617 1474 2653 ὅ(
1493 2610 1701 2663 inquisitio-

102 2685 192 2712 nem
215 2674 451 2724 abrupimus:
481 2673 732 2713 nihilominus
752 2674 899 2711 remita
922 2671 1198 2724 proposuimus,
1226 2682 1267 2709 ut
1286 2674 1323 2713 ὥς
1346 2682 1491 2711 errores
1505 2666 1619 2707 nostri
1639 2679 1701 2707 au-

102 2740 256 2779 tequam
280 2729 431 2766 maffam
455 2728 627 2766 scientiae
648 2730 757 2769 altius
781 2728 961 2773 inficiant,
999 2728 1124 2764 notari
1148 2729 1185 2764 &
1210 2726 1365 2776 separari
1387 2720 1555 2778 possint:
1591 2732 1703 2772 atque

104 2786 218 2823 etiam
237 2794 279 2822 ut
301 2784 419 2821 facilis
433 2785 470 2822 ὅ(
492 2783 664 2835 expedita
686 2782 728 2823 fit
750 2784 924 2823 laborum
938 2780 1151 2820 nostrorum
1173 2777 1351 2819 succeffio
1375 2784 1412 2819 ὅ(
1435 2776 1698 2818 continuatio:

102 2849 186 2878 tum
205 2848 330 2876 autem
350 2839 526 2876 homines
546 2840 638 2876 vires
658 2838 736 2877 suas
754 2837 924 2884 noscent,
951 2848 1039 2874 cum
1058 2849 1141 2874 non
1155 2837 1285 2874 eadem
1309 2835 1461 2883 infiniti,
1489 2834 1551 2873 sed
1570 2829 1702 2875 omissa

105 2896 166 2932 alii
199 2892 441 2943 praestabunt.
497 2894 620 2931 Etiam
654 2893 747 2932 illud
775 2892 980 2933 ludibrium
1013 2891 1178 2932 avertisse
1207 2890 1388 2938 videmur,
1430 2891 1492 2928 cui
1525 2889 1701 2940 ‚frequens

102 2949 226 2986 nostra
249 2960 409 2998 operum
432 2949 583 2986 mentio
606 2950 643 2985 ὅ(
669 2949 873 2988 inculcatio
893 2948 1031 2999 exponi
1057 2945 1198 2997 poffet3
1236 2944 1304 2986 nisi
1323 2945 1498 2984 homines
1518 2945 1616 2984 inter
1642 2950 1700 2981 res

106 3002 196 3053 ipsas
216 3003 350 3040 versari
374 3003 629 3054 coiigiss'emus,
657 3003 733 3041 hoe
747 3002 808 3049 est,
836 3012 878 3039 ut
901 3003 1076 3043 homines
1091 3013 1204 3053 opera
1225 3013 1320 3050 quae
1333 3002 1381 3038 ab
1403 3001 1484 3039 aliis
1503 2996 1699 3045 exigimus,

105 3062 142 3096 ὅ(
166 3069 186 3095 a
209 3058 319 3094 nobis
340 3058 555 3107 poscerent:
583 3058 690 3096 facile
713 3059 816 3096 enim
839 3059 959 3105 quivis
980 3058 1055 3102 jam
1077 3055 1282 3108 perspiciet,
1310 3066 1392 3094 non
1411 3052 1540 3091 frustra
1563 3061 1634 3088 nos
1652 3048 1700 3089 de

102 3112 279 3166 operibus
301 3113 513 3150 sermonem
529 3115 703 3159 intulisse,
733 3125 822 3150 cum
845 3114 886 3148 in
902 3113 1037 3151 tabulis
1058 3109 1140 3164 ipsis
1155 3123 1286 3163 paucas
1305 3122 1375 3147 nec
1395 3116 1586 3147 novorum
1610 3114 1697 3156 oper

102 3180 188 3206 rum
211 3164 481 3216 designationes
506 3168 716 3207 &foenora
738 3166 906 3217 reperiet,
933 3177 1047 3217 atque
1069 3165 1380 3211 simultationem
1402 3162 1566 3201 nostram
1589 3160 1699 3208 plane
1726 3182 1729 3185 -

1484 3214 1679 3267 perspiciet
1693 3223 1704 3246 ι

1757 289 1850 328 221
