1973 3570
274 194 690 255 H1sToR1A
741 192 936 249 soNI
989 186 1092 253 ἘΤ
1143 183 1356 246 AUD1
1380 182 1548 246 Tua.

134 314 279 408 ?Msso
302 318 509 361 operantur
533 306 645 352 vatic,
674 313 790 357 prout
812 302 953 341 habent
976 301 1102 340 media
1122 300 1184 339 sua
1207 300 1305 338 bene
1319 309 1383 338 aut
1405 311 1601 352 perperam
1619 301 1688 341 dis-

80 381 212 463 PQXZ·
230 421 345 460 ambo
358 418 530 457 medium
549 415 668 465 magis
687 413 928 452 conducibile
945 415 982 451 ὃ(
1003 412 1212 463 propitium
1233 410 1280 448 est
1296 412 1368 448 ae'r.
1424 411 1467 447 In
1491 410 1675 449 ambobus

80 483 122 520 in
137 478 291 541 οὸῇςᾷἱξ
304 473 606 519 accuratioribus,
626 467 805 508 nonnihil
820 467 929 506 affert
945 469 1112 506 intentio
1126 466 1262 514 sensus»,
1292 468 1329 504 ὅ(
1344 464 1442 515 quasi
1458 466 1598 503 erectio
1613 444 1691 513 eju}

84 537 130 576 ad
149 530 445 586 percipiendum.

691 599 911 656 'Differunt
924 602 966 641 in
981 599 1056 641 his.

135 691 300 730 VIDEN
312 696 409 724 TUR
423 682 558 732 species
570 676 772 719 visibilium
786 677 856 715 effe
867 686 1048 725 tanquam
1061 669 1274 711 emiflioncs
1288 668 1482 710 radiorum
1498 684 1518 709 a
1529 662 1690 723 corpore

83 743 227 791 visibili,
265 740 372 780 instar
391 739 469 776 fere
492 735 669 773 odorum.
725 735 782 770 At
805 731 941 782 species
966 730 1190 768 audibilium
1211 727 1384 766 videntur
1401 728 1521 777 magis
1543 728 1689 776 partici-

85 811 171 853 pare
187 812 230 836 ex
245 806 356 834 motu
370 793 495 839 locali,
516 790 624 828 instar
639 783 918 841 percuffionem
933 798 1028 835 quae
1041 784 1136 822 fiunt
1151 783 1191 821 in
1208 786 1307 821 a'e're:
1329 793 1371 820 ut
1387 795 1474 819 cum
1490 782 1689 834 dupliciter

83 857 306 912 plerumque
327 857 530 900 operentur
546 855 717 894 corpora,
747 854 813 893 per
833 841 1226 879 communicationem
1241 849 1393 876 naturae
1415 836 1509 884 suae,
1540 847 1603 874 aut
1622 849 1688 886 per

84 905 370 962 impresslonem
385 914 447 942 aut
459 901 708 951 signationem
723 908 864 945 motus,
884 897 1051 935 videatur
1067 892 1214 932 diffusio
1227 895 1291 932 illa
1305 895 1346 931 in
1357 882 1556 932 visibilibus
1571 893 1690 942 magis

87 978 130 1004 ex
144 966 272 1017 primo
286 960 407 999 modo
421 958 652 1009 participare,
683 954 725 991 in
739 952 964 991 audibilibus
979 963 1022 988 ex
1043 950 1220 988 secundo.

138 1021 374 1059 Vror-run
396 1013 540 1052 delatio
560 1010 743 1048 sonorum
759 1010 876 1058 magis
897 1004 1092 1044 manifesto
1111 1002 1248 1042 deferri
1261 1015 1327 1054 per
1345 1001 1482 1050 a'erem,
1511 1013 1625 1051 quam
1639 1000 1690 1040 vi·

89 1072 264 1114 sibilium.
320 1074 457 1118 Neque
486 1068 602 1113 enim,
642 1065 816 1110 arbitror,
854 1072 985 1100 ventus
1014 1060 1214 1097 vehemens
1238 1069 1388 1096 tantum
1415 1057 1594 1107 impedire
1624 1069 1690 1107 po-

87 1131 154 1169 test
175 1128 330 1178 aliquod
350 1124 491 1165 visibile
507 1135 527 1160 a
553 1123 680 1171 longe,
709 1129 823 1168 quam
839 1117 996 1156 sonums
1025 1114 1151 1161 flante,
1181 1115 1369 1162 intelligo,
1397 1123 1513 1151 vento
1537 1114 1577 1149 in
1600 1115 1691 1150 con-

89 1187 260 1224 trarium.

142 1243 366 1278 INSIGNIS
396 1233 444 1272 est
472 1233 535 1270 illa
554 1229 778 1275 differentia,
806 1225 907 1265 unde
926 1226 1040 1263 etiam
1060 1224 1244 1274 plurimae
1260 1221 1427 1259 minores
1454 1220 1690 1258 differentiae

86 1296 315 1339 derivantur,
344 1289 448 1339 quod
462 1285 615 1326 visibilia
632 1285 795 1334 (excepta
814 1284 896 1320 luce
911 1280 1101 1331 originali)
1126 1291 1207 1316 non
1222 1278 1394 1315 feruntur
1409 1274 1476 1313 nisi
1494 1287 1560 1326 per
1574 1275 1691 1313 linea&

87 1352 212 1397 rectas,
241 1359 329 1386 cum
351 1346 433 1383 soni
449 1343 662 1382 deferantur
680 1352 744 1391 per
760 1340 875 1376 lineas
895 1346 1068 1375 arcuatas.

139 1407 270 1443 HINC
289 1402 329 1439 fir
350 1400 453 1449 quod
472 1396 626 1437 visibilia
640 1396 710 1432 alia
729 1395 800 1432 alia
813 1405 895 1431 non
915 1391 1151 1429 confundant
1171 1386 1278 1426 simul
1299 1385 1577 1439 repraesentata,
1606 1384 1690 1422 soni

88 1471 230 1499 contra.
297 1459 397 1495 Hinc
424 1455 464 1492 fit
493 1452 597 1502 quod
629 1450 794 1488 soliditas
823 1447 1039 1486 substantiae
1065 1459 1146 1484 non
1171 1445 1338 1482 videatur
1364 1441 1547 1491 impedire
1571 1440 1692 1478 visum

87 1516 330 1566 magnopere,
360 1510 481 1548 modo
504 1506 688 1558 positurae
707 1505 871 1558 partium
886 1503 1054 1553 corporis
1069 1500 1139 1539 sint
1154 1501 1288 1537 ordine
1303 1496 1460 1549 simplici
1484 1499 1521 1534 ὅ(
1536 1508 1600 1545 per
1617 1506 1692 1531 rec-

88 1581 149 1610 tos
172 1580 327 1615 meatuS,
355 1577 396 1604 ut
424 1568 463 1603 iu
485 1567 597 1610 vitro,
625 1573 731 1610 aqua,
760 1559 942 1608 crystallo,
972 1557 1191 1594 adamante:
1219 1564 1255 1591 at
1281 1564 1410 1603 parum
1439 1553 1553 1601 panni
1588 1549 1692 1587 serici

91 1637 154 1673 aut
179 1627 269 1663 linei
294 1623 433 1673 rumpit
456 1620 589 1665 visum,
619 1629 706 1654 cum
721 1613 790 1653 sint
815 1625 974 1665 corpora
992 1612 1098 1650 val'de
1122 1611 1250 1648 tenuia
1269 1611 1305 1646 ὅ(
1324 1606 1478 1660 porosa3
1516 1616 1552 1642 at
1572 1604 1692 1650 huius-

90 1682 199 1720 modi
226 1680 340 1731 panni
363 1688 493 1727 parum
517 1685 578 1712 aut
599 1672 695 1709 nihil
715 1670 928 1722 impediunt
951 1668 1134 1713 auditum,
1164 1666 1227 1703 ubi
1253 1661 1370 1701 solida
1391 1663 1454 1698 illa
1476 1662 1588 1708 quam
1614 1660 1694 1709 plu-

91 1740 244 1775 rimum.
299 1735 399 1771 Hinc
423 1731 465 1768 fit
485 1728 589 1779 quod
608 1727 654 1764 ad
675 1726 1014 1763 reverberationem
1040 1718 1241 1761 visibilium
1264 1715 1418 1756 sufficiat
1442 1727 1595 1765 parvum
1616 1714 1692 1765 spe-

88 1794 230 1838 culum,
259 1799 320 1827 aut
344 1786 461 1824 simile
481 1796 616 1836 corpus
631 1780 878 1832 perspicuum,
906 1779 1026 1816 modo
1042 1786 1204 1829 ponatur
1218 1776 1259 1812 in
1275 1776 1373 1811 linea
1392 1772 1499 1818 reeta,
1529 1770 1594 1806 ubi
1614 1767 1692 1807 visi*

92 1849 181 1885 bilia
201 1854 327 1883 meant
343 1857 352 1884 ς
382 1853 417 1879 at
433 1841 478 1878 ad
497 1838 708 1878 faciendam
722 1836 1064 1873 reverberationem
1085 1831 1196 1869 echus
1210 1837 1364 1881 oportet
1387 1826 1522 1863 sonum
1537 1826 1652 1861 ctiam
1671 1835 1693 1860 a

92 1902 268 1941 lateribus
293 1898 496 1943 includere,
526 1896 613 1943 quia
627 1892 743 1930 fertur
767 1890 1026 1939 undequaque.
1081 1887 1250 1935 Longius
1270 1884 1386 1921 fertur
1403 1881 1594 1927 objectum
1616 1876 1693 1917 visi-

93 1959 182 2005 bile,
210 1968 280 2009 pro
296 1965 372 1991 rara
388 1949 647 2003 proportione,
676 1958 790 1995 quam
811 1945 936 1983 sonus.

146 2014 372 2051 VISIBILI
388 2019 412 2045 A
441 2005 554 2043 nimis
582 2014 701 2056 prope
729 2001 881 2038 admota
909 1999 954 2037 ad
978 1998 1133 2036 oculum
1163 2007 1244 2033 non
1268 2003 1347 2031 tam
1370 1991 1466 2029 bene
1492 1998 1697 2027 cernuntur

94 2079 208 2118 quam
227 2078 293 2119 per
313 2063 522 2101 distantiam
546 2058 784 2102 nonnullam,
815 2066 856 2093 ut
880 2055 972 2092 radii
988 2055 1090 2092 coire
1113 2047 1255 2104 possint
1270 2051 1310 2086 in
1329 2048 1470 2096 angulo
1484 2045 1602 2094 magis
1617 2054 1698 2080 aeu-

94 2136 139 2163 to
157 2137 171 2176 :⁴
193 2133 229 2160 at
252 2122 291 2158 in
309 2119 437 2156 auditu
461 2128 538 2165 quo
553 2116 716 2166 propius,
746 2123 793 2148 eo
817 2111 963 2148 melius.
1019 2110 1166 2147 Verum
1191 2108 1229 2144 in
1246 2106 1319 2142 hoc
1339 2103 1474 2153 duplex
1489 2098 1607 2150 potest
1629 2098 1700 2134 effe

95 2190 211 2220 error.
266 2176 388 2220 Prior,
418 2171 522 2221 quod
546 2170 590 2207 ad
605 2168 724 2206 visum
751 2167 953 2214 requiritur
968 2165 1049 2201 lux:
1080 2175 1122 2200 ea
1142 2172 1278 2207 autem,
1309 2155 1459 2203 obiecto
1478 2156 1523 2192 ad
1544 2153 1699 2190 oculum

96 2234 250 2287 propius
271 2230 443 2275 admoto,
474 2235 629 2263 arcetur.
685 2224 788 2260 Nam
816 2220 939 2258 audivi
963 2232 1005 2257 ex
1025 2218 1097 2256 fide
1112 2216 1242 2267 digno,
1271 2215 1336 2263 qui
1357 2210 1553 2249 curabatur
1576 2220 1618 2244 ex
1641 2218 1695 2243 ca-

100 2289 246 2328 taraffls
268 2286 480 2329 oculorum,
508 2292 596 2318 cum
620 2277 730 2327 stylus
753 2277 817 2313 ille
843 2277 1008 2312 minutus
1021 2282 1217 2322 argenteus
1241 2270 1439 2306 duceretur
1455 2263 1560 2314 super
1581 2260 1698 2312 ipsam

102 2344 282 2397 pupillam
299 2339 402 2377 oculi
430 2337 496 2384 sui,
525 2345 683 2383 eamque
702 2340 883 2380 tangeret,
913 2329 1050 2376 absque
1064 2328 1145 2363 ullo
1160 2323 1288 2361 medio
1304 2318 1491 2368 (existente
1506 2317 1600 2365 stylo
1616 2317 1698 2362 illo,

99 2399 163 2437 seu
183 2409 250 2447 acu
268 2405 454 2444 argentea,
483 2393 598 2440 longe
623 2386 830 2437 angustiore
854 2396 967 2433 qnam
988 2381 1127 2433 pupilla
1152 2389 1228 2416 erat
1249 2377 1363 2423 oculi)
1390 2384 1478 2410 eum
1500 2366 1698 2409 clarissime

97 2452 224 2502 vidisse
242 2451 377 2500 stylum
396 2450 517 2485 illum.
577 2442 779 2488 Secundus,
808 2439 913 2489 quod
926 2436 968 2474 fit
984 2439 1092 2486 plane
1109 2430 1321 2483 interposita
1335 2439 1488 2467 caverna
1503 2427 1600 2463 auris
1614 2436 1701 2462 ante

99 2508 389 2554 instrumentum
414 2501 569 2548 auditus,
597 2509 639 2538 ut
662 2497 775 2535 sonus
800 2495 965 2533 exterior
982 2501 1134 2541 tangere
1160 2501 1202 2526 os
1217 2490 1254 2526 ὃς
1275 2484 1536 2523 membranam
1551 2481 1700 2518 auditus

100 2565 210 2618 plane
226 2570 397 2609 nequeat.
1090 2574 1093 2576 .

132 2621 133 2624 ’
159 2619 416 2656 CELERIUS
432 2610 650 2649 deferuntur
674 2607 810 2657 species
825 2603 920 2644 visus
935 2613 1048 2651 quam
1073 2598 1165 2647 soni,
1195 2607 1235 2636 ut
1249 2594 1451 2648 percipitur
1475 2590 1514 2628 in
1537 2590 1701 2636 flamma,

103 2675 142 2713 ὃ(
156 2673 282 2711 sonitu
297 2670 570 2721 sclopetorum3
590 2662 702 2701 etiam
716 2664 757 2699 in
771 2662 931 2710 fulgure,
962 2660 996 2694 <Se
1010 2656 1170 2701 tonitru,
1203 2652 1269 2690 ubi
1295 2651 1444 2688 tonitru
1457 2645 1604 2684 auditur
1617 2642 1701 2697 post

106 2728 268 2784 pausam.

160 2784 222 2821 Er
234 2791 327 2819 IAM
342 2776 510 2817 existimo
527 2774 665 2812 diutius
679 2772 830 2809 haerere
851 2769 985 2822 species
1001 2766 1095 2812 soni,
1125 2774 1237 2813 quam
1255 2758 1418 2797 visibilia.
1474 2756 1579 2793 Licet
1598 2755 1701 2792 enim

109 2842 146 2877 ὅ(
161 2839 244 2875 illae
268 2847 348 2873 non
365 2834 488 2871 subito
503 2832 701 2874 intereant,
730 2835 772 2865 ut
787 2821 1024 2864 manifestum
1049 2821 1154 2858 estin
1177 2817 1319 2855 circulo
1334 2821 1516 2858 vertente,
1544 2813 1581 2848 δε
1595 2810 1703 2846 chor-

109 2893 166 2931 dis
179 2893 306 2930 talitro
321 2883 509 2939 percussis,
529 2887 566 2922 ὅ(
580 2880 809 2935 crepusculo,
830 2883 866 2918 &
879 2877 1078 2917 similibu53
1097 2885 1226 2912 tamen
1240 2871 1378 2909 diutius
1392 2869 1552 2905 arbitror
1567 2864 1702 2901 durant

111 2948 207 2994 soni,
235 2947 320 2995 quia
334 2943 554 2982 deferuntur
571 2951 591 2977 a
604 2938 736 2976 ventis.

165 3003 318 3040 RADn
344 2997 433 3037 lucis
456 2994 656 3047 glomerati
679 2992 793 3029 etiam
807 2989 991 3027 inducunt
1013 2986 1192 3030 calorem,
1220 2991 1315 3031 quae
1339 2979 1387 3017 est
1401 2978 1498 3015 actio
1521 2970 1662 3012 diversa
1684 2980 1706 3009 a

114 3055 258 3096 visibili.
315 3051 505 3099 Similiter,
530 3048 559 3086 fi
573 3058 703 3089 verum
718 3043 772 3091 sit,
793 3045 973 3082 clamores
987 3053 1069 3081 aves
1083 3040 1252 3079 volantes
1265 3033 1444 3082 dej-eciss'e,
1473 3031 1587 3068 etiarn
1602 3039 1643 3065 ea
1656 3023 1706 3064 est

117 3112 216 3151 actio
228 3107 401 3172 protinus
415 3104 556 3146 diversa
570 3104 616 3142 ab
632 3101 798 3140 audibili.

233 3173 252 3202 1
1609 3138 1710 3175 NON

1734 200 1805 217 ‚„,.

1736 207 1829 265 19²}
