1973 3570
1754 241 1853 293 215

94 347 1730 532 FRANCJSC)

541 616 772 675 Baronis
827 618 894 676 de
938 617 1264 677 Verulamio

176 781 1709 974 SCRIPTA-

8 1322 9 1325 Ὺ
389 1138 913 1266 Naturali&
971 1180 1417 1265 Universaii

91 1346 1697 1463 PHILOSOPHIA.

2 1770 3 1776 ἵ
83 1778 380 1864 Temporis
431 1797 616 1863 partus
655 1778 951 1840 masculus
978 1780 1083 1840 five
1113 1781 1445 1841 Instauratio
1472 1784 1692 1867 Magna

424 1866 636 1950 imperii
664 1867 894 1926 humani
924 1866 981 1925 in
1015 1867 1347 1936 universum.

278 2056 316 2096 D
338 2057 466 2095 Deum
478 2056 642 2104 Patrem,
671 2056 799 2096 Deum
813 2054 1000 2105 Verbum,
1028 2057 1158 2095 Deum
1188 2056 1385 2109 Spiritum,
1413 2067 1541 2108 preces
1568 2054 1695 2094 fundi-

305 2124 390 2150 mus
409 2111 639 2150 humillimas
655 2115 690 2150 ὅ(
705 2109 988 2161 ardentiffimas‚
1019 2123 1060 2150 ut
1084 2112 1239 2151 humani
1259 2113 1405 2162 generis
1428 2124 1694 2149 aerumnarum

304 2179 506 2214 memores,
536 2169 572 2205 &
594 2167 904 2217 peregrinationis
925 2168 1023 2206 istius
1045 2169 1142 2206 vitae
1166 2168 1322 2214 nostrae,
1352 2169 1392 2204 in
1419 2179 1491 2215 qua
1509 2165 1587 2203 dies
1611 2178 1697 2215 pau-

306 2235 370 2260 cos
392 2225 429 2260 &
453 2223 572 2259 malos
595 2225 776 2265 terimus;
805 2235 904 2261 nova
926 2224 1047 2261 adhuc
1061 2223 1254 2272 refrigeria
1277 2235 1298 2260 e
1326 2222 1499 2259 fontibus
1514 2221 1696 2258 bonitatis

82 2277 167 2316 suae
191 2279 235 2316 ad
260 2278 425 2316 miserias
450 2277 591 2314 nostras
610 2278 802 2316 leniendas
832 2279 1022 2328 aperiant:
1051 2288 1163 2326 atque
1192 2277 1288 2315 illud
1310 2276 1472 2325 insuper,
1501 2287 1550 2312 ne
1565 2275 1693 2312 huma-

81 2344 131 2370 na
158 2331 292 2371 divinis
317 2330 497 2380 officiant,
527 2345 620 2370 neve
653 2346 696 2370 ex
724 2333 949 2370 reseratione
976 2331 1120 2371 viarum
1150 2331 1283 2377 sensus,
1314 2331 1350 2367 ὅ(
1374 2327 1590 2366 accensione
1618 2342 1694 2367 ma-

81 2388 164 2434 jore
193 2389 346 2426 luminis
375 2388 566 2434 naturalis,
597 2386 739 2438 aliquid
767 2386 1038 2425 incredulitatis
1066 2389 1104 2425 ὅ(
1132 2387 1254 2423 noffis
1282 2387 1418 2422 animis
1447 2383 1578 2421 nostris
1607 2397 1692 2434 erga

81 2443 210 2481 divina
236 2443 405 2493 mysteria
428 2442 647 2480 oboriatur:
678 2444 750 2481 Sed
765 2443 890 2496 potius
913 2452 955 2480 ut
971 2442 1016 2479 ab
1032 2442 1238 2488 intelleetu,
1267 2453 1286 2478 a
1306 2437 1503 2490 phantasiis
1533 2441 1569 2476 ὅ(
1590 2442 1690 2477 vani-

81 2506 158 2536 tate
184 2511 283 2550 puro
306 2501 343 2536 &
372 2509 582 2548 repurgato,
612 2500 649 2536 ὅ(
676 2499 812 2535 divinis
836 2498 998 2536 oraculis
1020 2496 1271 2536 nihilominus
1297 2495 1448 2535 subdito
1478 2497 1514 2533 ὃς
1541 2493 1690 2545 prorsus

81 2552 274 2603 dedititio‚
302 2553 389 2592 fidei
412 2553 549 2591 dentur
572 2565 668 2603 quae
691 2553 778 2591 fidei
799 2552 894 2591 lunt.

1349 2911 1686 2955 LECTORI
