1973 3570
232 186 652 233 Hls'ronia
708 189 977 237 VITAE
1037 190 1140 238 ET
1199 183 1542 242 MORTIS.

142 297 209 335 41.
242 287 527 324 SANGUINxs
552 286 796 337 perhibentur
817 287 887 324 effe
909 289 1035 326 minus
1058 289 1196 338 tepidi3
1225 288 1385 336 suntque
1401 291 1581 327 nonnulli
1607 293 1700 341 ipso-

90 354 175 378 rum
201 338 441 388 voracissimi,
479 343 593 378 etiam
618 341 750 393 speciei
774 345 970 394 propriae:
1009 356 1097 381 caro
1121 355 1247 382 autem
1272 342 1439 395 ipsorum
1465 346 1620 383 mollior
1644 349 1703 396 est,

90 409 201 445 qnam
219 395 445 433 terrestrium
467 399 503 433 ἃ
520 398 645 433 minus
661 407 789 435 tenax:
820 409 985 435 attamen
1000 400 1248 450 pinguescunt
1263 399 1449 444 majorem
1472 401 1510 436 in
1528 402 1700 449 modum,

88 463 129 490 ut
146 464 188 488 ex
204 452 368 488 balaenis
389 452 537 488 infinita
558 451 770 488 extrahatur
786 455 974 501 quantitas
990 455 1078 490 olei.

140 517 205 556 42.
239 509 467 544 DELPHIN
479 519 491 543 1
514 507 712 544 traduntur
727 508 851 545 vivere
867 520 986 545 annos
1002 510 1098 546 eirca
1118 511 1293 558 triginta5
1323 520 1426 558 capta
1442 512 1704 559 experimento

85 564 125 599 in
148 563 332 611 aliquibus
348 575 366 598 a
383 563 496 599 cauda
517 561 697 614 praecisa;
726 562 976 611 grandescunt
992 576 1117 601 autem
1138 565 1182 601 ad
1199 576 1318 601 annos
1334 565 1476 601 decem.

140 628 207 667 43.
241 618 425 654 MJRUM
456 617 514 663 est,
555 618 658 665 quod
685 617 852 655 referunt
882 619 927 655 de
958 619 1132 670 piscibus,
1175 619 1279 668 quod
1306 630 1436 666 aetate,
1475 619 1554 668 post
1583 633 1704 659 annos

85 674 309 718 nonnullos,
346 674 554 722 plurimum
584 684 826 710 attenuantur
850 686 1021 724 corpore,
1061 685 1238 712 manente
1265 676 1392 721 cauda,
1430 677 1466 712 ὅ(
1490 677 1622 726 capite,
1661 679 1702 714 in

86 728 348 777 magnitudine
368 730 507 777 priore.

136 793 205 832 44.
234 784 599 820 DmmEHENsAE
625 783 708 819 sunt
737 783 953 832 aliquando,
993 786 1032 820 in
1055 784 1207 836 piscinis
1238 783 1469 822 Caesarianis
1498 797 1701 824 muraenae

82 837 205 875 vixiss'e
230 838 275 874 ad
291 850 432 874 annum
456 836 730 887 sexagessmum.
789 840 904 876 Certe
930 840 1095 876 redditae
1118 840 1201 877 sunt
1217 841 1337 890 longo
1359 839 1425 877 usu
1439 851 1518 877 tam
1542 840 1699 879 familia-

84 905 154 940 res,
184 904 225 930 ut
244 893 391 930 Crasstis
408 905 536 931 orator
553 905 667 930 unam
685 906 727 930 ex
744 895 817 934 illis
832 894 1036 932 defleverit.

134 959 201 998 45.
232 950 428 994 Lucms,
458 961 499 985 ex
525 948 684 998 piscibus
708 961 823 997 aquae
847 949 978 996 dulcis,
1018 946 1236 999 longifl'lme
1259 952 1385 988 vivere
1409 952 1612 1000 reperitut3
1652 953 1698 989 ad

81 1016 224 1041 annum
249 1005 477 1053 quandoque
501 1002 843 1053 quadragefiinunn
873 1004 980 1054 piscis
1004 1018 1128 1052 vorax,
1167 1008 1204 1043 ὃ(
1225 1005 1398 1043 carnibus
1423 1003 1636 1043 siccioribus
1660 1009 1697 1044 ὅ(

79 1059 321 1096 firmioribus

131 1116 197 1162 46.
228 1114 301 1151 Ar
328 1116 466 1166 carpio,
505 1114 676 1160 abramis,
714 1114 827 1159 tinca,
866 1116 1041 1163 anguilla,
1079 1117 1117 1152 ὅ(
1139 1114 1369 1162 hujusmodi,
1408 1127 1491 1152 non
1516 1126 1696 1167 putantur

78 1171 202 1208 vivere
218 1170 314 1206 ultra
334 1181 453 1206 annos
468 1169 611 1206 decem.

131 1234 197 1273 47.
231 1225 493 1261 SALMONES
524 1225 602 1260 cito
631 1222 894 1272 grandescunt,
940 1223 1043 1261 brevi
1072 1226 1227 1266 vivunt5
1271 1224 1375 1274 quod
1405 1225 1710 1264 etiamfaciunt.

77 1289 220 1320 trutae3
250 1290 285 1316 at
300 1291 409 1331 perca
429 1279 533 1315 tarde
550 1278 692 1324 crescit,
722 1281 758 1316 ὃ(
773 1280 864 1315 vivit
880 1277 1032 1316 diutius.

129 1335 196 1384 48.
229 1336 392 1371 VAsTA
417 1335 481 1371 illa
497 1335 618 1370 moles
642 1334 881 1371 balaenarum
904 1335 940 1370 ὅ(
956 1347 1144 1381 orcarum,
1175 1336 1356 1384 quamdiu
1377 1335 1507 1386 spiritu
1529 1347 1690 1385 regatur,

76 1392 132 1427 nil
157 1391 249 1427 certi
269 1390 470 1431 habemus3
504 1402 627 1438 neque
651 1391 764 1426 etiam
790 1389 836 1425 de
863 1388 1006 1441 phocis,
1035 1401 1098 1428 aut
1118 1392 1243 1440 porcis
1263 1393 1430 1438 marinis,
1460 1393 1497 1428 ὃ(
1521 1392 1600 1428 aliis
1624 1392 1692 1442 pi(2

77 1447 181 1484 cibus
197 1447 418 1483 innumeris.

128 1512 196 1550 49.
229 1501 514 1538 CROCODILI
531 1500 775 1549 perhibentur
796 1499 864 1536 effe
880 1499 1088 1538 admodum
1104 1501 1258 1547 vivaces,
1293 1511 1404 1549 atque
1420 1501 1691 1550 grandescendi

72 1557 275 1608 periodum
291 1556 424 1593 itidem
439 1555 574 1593 habere
590 1553 795 1604 insignem3
824 1555 919 1592 adeo
934 1566 975 1592 ut
991 1556 1060 1593 hos
1077 1555 1176 1592 solos
1192 1568 1234 1593 ex
1251 1556 1476 1593 animalibus
1490 1567 1688 1607 perpetuo,

74 1613 168 1649 dum
183 1613 327 1658 vivunt,
358 1610 599 1660 grandescere
616 1611 752 1659 opinio
767 1608 820 1647 sit.
876 1609 1036 1647 Animal
1052 1611 1101 1648 est
1116 1613 1326 1661 ovipatum,
1356 1623 1468 1648 vorax
1484 1614 1521 1648 ὅ(
1536 1611 1687 1650 saevum

73 1669 112 1705 &
134 1668 281 1719 optime
303 1667 444 1704 testum
465 1676 599 1703 contra
624 1677 745 1714 aquas.
802 1664 859 1702 At
883 1666 929 1702 de
950 1667 1079 1715 aliquo
1101 1666 1259 1704 testaceo
1281 1678 1431 1716 genere,
1460 1665 1556 1704 nihil
1580 1669 1686 1715 certi,

71 1723 177 1773 quod
192 1722 238 1760 ad
253 1724 368 1762 vitam
389 1721 558 1772 ipsorum
573 1722 720 1767 attinet,
751 1722 970 1772 reperimus.

227 1793 238 1811 J

236 1814 244 1833 ἱ

115 1939 1028 2004 OB-SERVATJONES
1107 1943 1644 2025 MAJORES.

199 2151 445 2190 ORMAM
473 2152 639 2201 aliquam
666 2152 929 2201 longaevitatis
959 2152 996 2188 ὃ(
1024 2151 1215 2189 brevitatis
1243 2152 1340 2189 vitae
1368 2151 1410 2188 in
1439 2150 1675 2198 animalibus,

216 2208 385 2245 invenire
399 2203 554 2244 difficile
568 2207 628 2253 est,
648 2217 804 2258 propter
820 2206 1129 2244 observationum
1143 2207 1419 2256 negligentiam
1434 2206 1471 2241 ὅ(
1485 2204 1678 2244 causarum

64 2261 401 2315 complicationem
415 2276 424 2303 3
454 2274 568 2312 pauca
584 2262 814 2299 notabimus.

124 2329 157 2355 1.
187 2320 550 2356 INVENIUNTUR
571 2319 694 2369 plures
710 2329 752 2353 ex
768 2316 895 2353 avibus
917 2316 1132 2364 longaevae,
1161 2325 1274 2362 quam
1291 2325 1333 2350 ex
1350 2313 1677 2365 quadrupedibus;

65 2371 169 2421 (ficut
203 2374 337 2422 aquila,
376 2375 515 2420 vultur,
554 2374 702 2418 milvus,
743 2372 945 2422 pelicanus,
987 2381 1133 2415 corvus,
1173 2370 1318 2415 cornix,
1360 2380 1514 2418 cygnus,
1556 2369 1675 2417 anser,

61 2430 224 2476 ciconia,
252 2440 351 2478 grus,
380 2429 462 2475 ibis,
490 2426 673 2480 psittacus,
703 2427 909 2476 palumbes,
939 2425 1022 2472 ἃς.)
1051 2425 1139 2461 licet
1162 2426 1260 2461 intra
1275 2434 1419 2460 annum
1434 2423 1675 2474 perficiantur

61 2486 100 2522 &
123 2485 283 2522 minoris
305 2481 375 2520 fint
402 2484 527 2521 molis.
583 2485 871 2532 Tegumentum
897 2490 997 2518 certe
1020 2478 1184 2531 ipsarum
1208 2480 1346 2525 avium,
1382 2488 1517 2515 contra
1538 2481 1675 2518 intem-

60 2541 181 2593 peries
196 2540 306 2586 coeli,
336 2540 527 2588 optimum
548 2538 618 2575 est:
648 2549 812 2585 cumque
829 2538 870 2573 in
886 2538 968 2572 aere
988 2535 1110 2571 libero
1124 2535 1335 2584 plerunque
1354 2533 1505 2582 degant,
1535 2531 1673 2573 similes

59 2596 146 2635 sunt
161 2595 397 2633 habitoribus
417 2595 611 2631 montium
636 2594 847 2645 puriorum,
877 2592 942 2639 qui
968 2590 1142 2638 longaevi
1168 2588 1264 2627 sunt.
1324 2589 1450 2626 Etiam
1464 2599 1594 2627 motus
1618 2592 1671 2642 ip-

59 2653 195 2697 sarum,
226 2651 292 2699 qui
317 2649 372 2696 (ut
387 2649 477 2686 alibi
500 2649 643 2686 dierum
658 2647 723 2697 est)
749 2648 886 2684 mixtus
902 2645 950 2682 est
974 2657 1017 2681 ex
1031 2644 1235 2694 gestatione
1254 2654 1366 2693 atque
1380 2654 1492 2682 motu
1506 2655 1671 2693 artuum,

58 2707 188 2745 minus
210 2705 340 2754 fatigat
360 2715 423 2742 aut
445 2705 629 2751 concutit,
667 2706 705 2741 ὅς
727 2703 846 2751 magis
868 2699 1021 2738 salubris
1043 2699 1111 2737 est:
1149 2711 1274 2748 neque
1295 2701 1337 2737 in
1360 2709 1471 2737 utero
1493 2710 1672 2746 matrum,

57 2756 381 2812 compressionem
401 2770 464 2797 aut
484 2760 684 2812 penuriam
703 2758 875 2796 alimenti
893 2757 1085 2805 patiuntur
1100 2756 1209 2793 initia
1227 2756 1465 2796 volatilium;
1493 2756 1579 2802 quia
1599 2766 1673 2792 ova

57 2830 124 2871 per
139 2818 237 2854 vices
253 2815 523 2853 excluduntur:
553 2815 717 2851 maxime
732 2824 824 2852 vero
839 2812 1028 2858 omnium,
1057 2810 1152 2848 illud
1165 2811 1208 2847 in
1222 2810 1328 2849 causa
1341 2809 1411 2848 effe
1425 2809 1670 2850 arbitr-amun

57 2871 161 2922 quod
183 2870 274 2908 fiant
292 2882 375 2908 aves
398 2868 514 2920 magis
534 2881 577 2906 ex
605 2867 800 2906 substantia
814 2867 945 2905 matris
964 2878 1079 2916 quam
1098 2866 1213 2916 patris
1224 2879 1237 2908 3
1265 2866 1367 2904 unde
1389 2863 1559 2914 spiritum
1577 2874 1672 2912 nans

54 2927 245 2966 ciseuntut
260 2927 388 2963 minus
402 2937 526 2963 actem
543 2927 581 2961 &
595 2922 806 2968 incensum.

114 2993 150 3021 2.
180 2981 304 3017 P0N1
337 2977 465 3032 poffit,
508 2979 698 3026 animalia,
747 2989 844 3027 quae
870 2987 1045 3017 creantur
1078 2977 1198 3027 magis
1226 2989 1271 3015 ex
1306 2973 1502 3013 substantia
1534 2974 1666 3010 matris

57 3049 171 3089 quam
193 3037 318 3085 patris,
347 3035 418 3074 effe
439 3036 705 3086 longaevioras
734 3032 1062 3083 quemadmodum
1085 3043 1180 3081 aves,
1207 3041 1251 3073 ut
1269 3031 1413 3072 dietum
1435 3025 1508 3066 est:
1535 3028 1665 3072 etiam,

387 3089 391 3092 ’
1572 3092 1667 3129 quac

1754 214 1846 261 125
