1973 3570
358 160 467 207 DE
510 161 1050 231 *SAPIENTIA
1102 163 1559 234 verrinum.

124 259 349 312 ‚quifitionis
377 259 433 308 fit,
461 271 607 313 praeter
639 259 759 314 ipsum
785 259 886 307 scire,
923 258 1132 298 intellectus
1159 274 1241 299 non
1269 265 1453 314 premitur
1477 276 1545 302 nec
1577 269 1616 304 in
1645 268 1747 308 attoso
1806 271 1814 276 '

145 317 318 368 ponitur,
355 315 417 354 sed
432 325 583 366 vagatur
602 317 639 353 δι
668 316 900 366 expatiatur-3
939 326 1050 367 atque
1074 315 1115 354 in
1141 317 1216 366 ipsa
1242 318 1477 357 dubitatione
1503 324 1538 357 δε
1576 325 1748 362 varietate

141 372 369 410 nonnullam
384 370 656 418 jucunditatem
672 373 708 410 &
730 371 1018 409 delectationem
1038 371 1163 418 sentit,
1193 372 1253 409 sed
1275 374 1468 422 postquam
1497 388 1518 411 a
1533 374 1655 425 Musis
1681 380 1744 416 hu-

126 424 303 473 jusmodi
323 427 534 476 aenigmata
548 427 593 464 ad
609 424 816 479 Sphingem
836 425 1040 464 transmifl'a
1060 426 1157 474 sunt,
1186 427 1299 475 idest,
1328 430 1373 466 :td
1389 428 1600 480 praffieazn,
1629 445 1671 469 ut
1692 433 1743 471 in-

123 481 208 520 ssstet
227 483 265 518 &
286 491 412 530 urgeat
431 480 528 518 affio
546 484 584 519 ὅ(
612 480 745 519 eleffio
778 482 816 518 ὅ(
838 481 1051 518 decretum:
1082 492 1166 520 tum
1190 483 1347 520 demum
1362 485 1572 534 aenigmata
1593 489 1743 526 molzsti

141 536 179 575 δι
197 534 300 574 saeva
320 535 389 573 effe
409 537 608 586 incipiunt,
638 537 675 575 ὃς
702 534 771 574 nist
798 535 988 574 solvantur
1017 535 1055 572 &
1079 536 1330 589 expediantur,
1368 539 1516 576 animos
1543 540 1744 579 hominum

122 589 245 629 -miris
270 589 396 628 modis
413 600 592 642 torquent
611 592 648 628 ὅ(
670 601 815 638 vexant,
848 593 886 630 &
908 592 948 628 in
964 603 1098 628 omnes
1126 601 1243 641 partes
1271 592 1471 632 distrahunt
1496 598 1532 631 δε
1561 597 1668 646 plane
1699 600 1744 634 li-

120 655 278 684 >cerant.
331 643 496 684 Proinde
518 645 557 683 in
580 645 852 695 aenigmatibus
875 643 1060 698 Sphingis
1086 647 1221 697 duplex
1246 647 1389 697 semper
1408 653 1633 701 proponitur
1656 665 1743 689 eou-

120 699 263 742 ,ditios
293 711 374 738 non
395 699 553 738 solventi
577 703 714 738 mentis
743 703 947 742 laceratio;
977 702 1136 739 solventi
1168 701 1377 754 imperium.
1433 704 1509 755 Qui
1531 707 1634 742 cuim
1663 720 1743 744 rem

136 757 261 803 callet,
276 754 305 793 is
315 755 392 796 fine
404 756 472 793 suo
485 755 639 805 potitur,
651 766 759 808 atque
774 755 899 793 omnis
909 756 1037 794 artifex
1048 756 1151 809 operi
1168 757 1235 794 suo
1250 756 1416 808 imperat.
1456 761 1743 809 AEnigmatum

139 808 324 864 Sphingis
338 811 416 848 duo
439 809 479 848 in
499 811 713 849 universum
736 811 821 849 sunt
843 823 998 861 genera:
1028 813 1237 862 aenigmata
1257 813 1303 849 de
1319 826 1448 851 natura
1468 826 1604 861 rerum,
1633 826 1743 868 atque

117 900 123 904 i
139 865 350 916 aenigmata
365 867 411 904 de
421 876 552 903 natura
566 865 750 907 hominis;
765 877 874 918 atque
885 864 1052 904 similiter
1067 869 1105 904 in
1113 866 1319 919 praemium
1329 868 1524 906 solutionis
1541 870 1743 921 lequuntur

138 920 218 959 duo
227 919 400 971 imperia;
428 920 631 971 imperium
640 923 681 959 in
691 932 875 969 naturam,
894 920 1147 974 &imperium
1162 921 1201 960 in
1217 922 1408 964 homines
1429 937 1534 961 verae
1549 925 1650 961 enim
1666 926 1742 975 phi-

118 975 327 1026 -losophiae
338 977 514 1015 naturalis
521 976 606 1014 finis
615 975 785 1029 proprius
801 979 837 1014 ὅ(
852 975 1007 1015 ultimus
1021 976 1083 1026 est,
1100 976 1298 1029 imperium
1318 978 1355 1016 in
1378 991 1432 1016 res
1444 982 1638 1026 naturales,
1662 994 1742 1018 cor-

136 1043 242 1084 pora,
269 1030 484 1078 medicinas,
513 1030 740 1079 mechanica,
753 1030 823 1069 alia
836 1030 1000 1073 infinita;
1020 1034 1107 1070 licet
1117 1032 1252 1079 schola,
1282 1034 1416 1071 oblatis
1429 1046 1609 1072 contenta
1623 1039 1660 1073 &
1676 1036 1742 1073 ser-

135 1086 318 1124 monibus
329 1087 541 1133 tumefacta,
569 1099 625 1124 res
644 1089 682 1124 ὅ(
704 1098 817 1136 opera
830 1085 995 1136 negligat
1018 1086 1057 1123 <Sc
1077 1087 1153 1124 fere
1176 1087 1361 1136 projiciat.
1414 1090 1556 1127 Verum
1572 1090 1741 1140 aenigma

137 1142 234 1180 illud
245 1139 390 1194 Oedipo
403 1139 649 1192 propositum,
678 1143 722 1179 ‘ex
742 1153 821 1190 quo
841 1142 905 1177 ille
921 1142 1123 1191 imperium
1141 1137 1361 1179 Thebanum
1374 1144 1526 1194 adeptus
1545 1145 1604 1191 est,
1633 1149 1736 1197 perti

134 1197 250 1234 nebat
259 1196 304 1234 ad
313 1207 486 1234 naturam
495 1194 678 1234 hominis:
698 1195 864 1247 quisquis
879 1193 981 1233 enim
991 1206 1162 1233 naturam
1172 1197 1338 1234 hominis
1351 1198 1499 1249 prorsus
1510 1198 1741 1251 introtpexit,

135 1251 201 1288 ille
219 1250 322 1288 faber
335 1251 410 1288 fere
424 1251 599 1288 fortunae
615 1249 697 1288 suae
712 1250 781 1288 effe
800 1250 930 1302 potest,
961 1252 998 1287 ὅ(
1013 1251 1058 1288 ad
1073 1252 1332 1303 imperandum
1350 1263 1457 1291 natus
1472 1253 1531 1291 est.
1585 1255 1625 1292 Id
1638 1257 1741 1304 quod

134 1305 182 1343 de
194 1302 386 1344 Romanis
404 1306 544 1344 artibus
559 1306 654 1344 bene
671 1304 965 1356 pronunciatum
975 1303 1043 1343 est:
1072 1303 1273 1346 AEn.v1.
1297 1307 1391 1357 851.

301 1388 344 1431 T
338 1405 362 1431 u
381 1404 509 1445 regere
526 1392 685 1445 imperio
694 1389 867 1445 populos,
888 1393 1086 1439 Romane,
1113 1400 1299 1431 memento
1314 1410 1330 1436 ,—

300 1445 397 1486 Hae
416 1445 492 1486 tibi
510 1454 624 1486 erunt
637 1454 843 1487 artes.—

134 1530 262 1582 ltaque
276 1527 438 1582 apposite
457 1527 550 1567 illud
565 1543 576 1572 ;
605 1529 710 1579 quod
717 1525 915 1582 Augustus
930 1526 1072 1581 Caesc'zr
1080 1527 1186 1578 figno
1202 1526 1397 1581 Sphingis,
1414 1527 1484 1567 sive
1496 1530 1542 1567 de
1556 1528 1738 1578 industria,

133 1583 206 1623 five
224 1583 383 1622 fortuito
410 1584 495 1622 usus
515 1582 574 1623 est.
630 1586 697 1623 Ille
721 1584 824 1623 enim
854 1582 896 1628 (fi
911 1586 994 1634 quis
1007 1586 1187 1636 unquam)
1209 1586 1249 1621 in
1265 1583 1414 1636 politica
1436 1585 1616 1631 excelluit,
1649 1586 1738 1624 &in

133 1639 231 1678 vitae
258 1639 341 1677 suae
361 1638 546 1677 curriculo
566 1641 730 1691 plurima
751 1651 850 1678 nova
872 1638 1080 1689 aenigmata
1110 1639 1157 1676 de
1181 1650 1309 1677 natura
1337 1639 1502 1676 hominis
1530 1637 1669 1677 felic-iffi
1677 1653 1738 1678 me

133 1694 260 1742 solvit,
286 1707 380 1746 quae
395 1693 460 1742 nisi
474 1695 601 1733 dexter
616 1697 654 1733 ὅ(
666 1705 813 1748 paratus
828 1694 998 1741 solviffet,
1013 1695 1207 1732 multoties
1221 1707 1301 1732 non
1317 1696 1446 1746 procul
1458 1696 1503 1731 ab
1514 1695 1737 1733 imminente

133 1748 294 1800 pernicie
306 1753 341 1787 δε
357 1751 474 1787 exitio
487 1749 663 1788 abfuisset.
719 1749 849 1802 Atque
868 1749 1013 1787 additur
1029 1751 1069 1786 in
1092 1750 1214 1787 fabula
1227 1747 1408 1802 Sphingis
1431 1749 1591 1786 devici-ae
1606 1762 1737 1802 eorpus

134 1806 175 1842 in
195 1804 349 1843 asellum
363 1803 578 1857 impolitum
599 1805 712 1844 fuiss'e.
767 1801 1047 1855 Elegantissime
1063 1815 1175 1852 certe,
1205 1817 1292 1841 cum
1317 1803 1407 1841 nihil
1437 1802 1477 1840 stt
1493 1815 1570 1841 tam
1587 1816 1736 1842 acutum

135 1862 174 1898 ὅ(
191 1859 407 1906 abstrusum,
434 1861 527 1911 quin
544 1859 738 1912 postquam
761 1861 870 1912 plane
892 1859 1124 1897 intellestum
1149 1862 1184 1897 ὅς
1200 1860 1374 1909 deinceps
1396 1860 1654 1908 pervulgatum
1683 1858 1736 1905 fit,

133 1913 249 1953 etiam
263 1915 370 1967 tardo
390 1916 538 1967 imponi
552 1913 677 1965 poffit.
735 1917 871 1967 Neque
885 1914 978 1952 illud
993 1914 1390 1964 praetermittendum:
1420 1915 1644 1951 debellatam
1667 1916 1736 1951 ess‘e

136 1967 344 2024 Sphingem
358 1981 377 2006 a
403 1968 486 2008 viro
505 1970 656 2020 pedibus
669 1973 834 2010 clavato:
864 1971 1007 2007 etenim
1022 1969 1134 2007 nimis
1155 1968 1234 2007 eito
1253 1970 1346 2019 pede
1375 1971 1412 2006 δε
1431 1971 1540 2006 celeri
1556 1970 1671 2018 gradu
1691 1970 1737 2006 sd

133 2024 343 2077 aenigmata
377 2022 560 2078 Sphingis
587 2025 759 2064 homines
785 2036 981 2078 properare
1016 2025 1158 2062 solent:
1187 2026 1289 2062 unde
1318 2025 1370 2071 fit,
1413 2035 1454 2061 ut
1493 2024 1738 2076 (praevalente

137 2078 322 2134 Sphinge)
363 2079 486 2130 potius
514 2093 581 2133 per
608 2081 877 2131 disputationes
898 2079 1050 2130 ingenia
1086 2082 1124 2118 &
1159 2082 1309 2118 animos
1332 2081 1506 2126 lacerent,
1542 2091 1654 2130 quam
1675 2091 1737 2131 pet

137 2147 253 2187 opera
273 2138 309 2174 &
325 2135 475 2174 effeetus
490 2134 685 2185 imperent.

1698 2251 1708 2266 Ι

529 2260 605 2306 29.
646 2245 1006 2302 PRosnRx‘INA‚
1030 2246 1129 2309 five
1147 2242 1356 2308 Spiritus.

189 2357 229 2393 N
239 2368 299 2393 Au
310 2366 443 2393 RANT
464 2353 688 2402 Plutonem,
704 2355 897 2406 postquam
913 2366 1072 2403 regnum
1086 2352 1296 2389 inferorum
1307 2364 1349 2388 ex
1369 2352 1571 2403 partitione
1584 2350 1646 2387 illa
1660 2364 1736 2387 me-

136 2411 311 2452 mutabili
325 2411 526 2460 accepisset,
555 2411 601 2448 'de
615 2412 756 2462 nuptiis
769 2408 922 2454 alicujus
950 2422 969 2446 e
999 2409 1137 2459 superis
1159 2407 1367 2456 desperasse,
1396 2405 1420 2443 fi
1446 2419 1503 2443 eas
1529 2418 1593 2456 per
1617 2408 1732 2442 collo-

134 2467 233 2517 quia,
262 2476 324 2502 aut
352 2466 489 2503 modos
512 2465 635 2504 suaves
654 2475 839 2506 tentatct;
867 2474 910 2501 ut
938 2465 983 2501 ad
999 2474 1145 2514 raptum
1167 2460 1315 2499 consilia
1341 2461 1401 2497 sua
1417 2462 1575 2510 dirigere
1602 2460 1634 2496 ei
1659 2462 1733 2497 tue-

135 2522 185 2558 rit
204 2520 356 2558 necesse.
413 2522 538 2572 Itaque
563 2530 706 2570 captata
720 2521 1002 2570 opportunitate
1014 2515 1286 2568 ‘1²rqsl2rpinaiii
1301 2516 1452 2554 Cereris
1476 2515 1600 2562 filiun,
1630 2514 1733 2563 virgi-

135 2587 227 2613 nem
243 2576 542 2625 pulcherrimam,
571 2576 665 2612 dum
684 2575 796 2612 flores
818 2571 994 2622 Narcilll
1014 2575 1053 2609 in
1071 2569 1228 2610 Siciliae
1250 2570 1357 2623 pratis
1377 2572 1582 2621 colligeret,
1613 2569 1734 2606 stibiro

135 2630 285 2668 incursu
308 2632 439 2682 rapuit,
468 2639 577 2681 atque
597 2631 784 2679 quadrigis
811 2629 935 2667 secum
959 2630 1004 2666 ad
1029 2627 1259 2664 litbterranea.
1288 2626 1510 2676 asportavit5
1540 2627 1574 2663 ci
1602 2637 1735 2673 inagna

136 2687 341 2722 reverentia
369 2684 529 2735 praebita
554 2684 614 2732 est,
651 2695 692 2723 ut
720 2687 758 2722 ὃ(
785 2683 940 2721 domina
968 2682 1067 2721 Ditis
1088 2693 1218 2721 vocata
1245 2680 1298 2718 lit.
1355 2681 1469 2719 Ceres
1502 2691 1626 2717 autem
1659 2682 1734 2721 ejus

135 2749 265 2786 mater,
295 2752 381 2777 cum
410 2739 483 2777 filia
510 2738 574 2776 fibi
606 2739 715 2777 unice
745 2740 879 2777 dilecta
914 2738 1098 2787 nusquam
1129 2735 1400 2789 comparuisset,
1440 2736 1543 2785 supra
1574 2735 1731 2770 modum

135 2795 274 2832 moesta
299 2798 335 2831 ὃ(
361 2794 477 2841 anxia,
507 2795 653 2832 taedam
680 2794 871 2831 accensam
887 2793 960 2844 ipsa
976 2805 1090 2830 manu
1118 2791 1254 2843 praese
1280 2792 1414 2838 ferens,
1444 2790 1654 2827 univ-„ursum
1676 2800 1732 2824 or-

136 2848 190 2886 bis
217 2859 398 2887 terrarum
418 2851 605 2887 ambitum
632 2850 846 2901 peragravit,
875 2859 917 2885 ut
938 2848 1054 2885 fili-am
1084 2847 1311 2895 investigaret
1339 2849 1374 2882 S<
1395 2853 1634 2893 recuperaret.
1693 2843 1731 2878 ld

130 2916 223 2942 curn
243 2903 371 2942 frustra
390 2905 522 2952 fuiss'et,
551 2914 703 2955 accepto
720 2904 830 2941 *forte
855 2902 999 2940 *indicio
1024 2902 1128 2954 quod
1152 2902 1196 2938 ad
1212 2901 1350 2938 inlesos
1364 2897 1616 2943 dcxvcrtacffct,
1638 2899 1731 2933 rnul-

136 2960 184 2995 tis
198 2959 368 3008 lacrymis
383 2962 421 2997 &
440 2959 771 2998 lamentationibus
779 2956 928 3009 Jovem
951 2957 1130 3007 fatigavit,
1160 2967 1201 2994 ut
1219 2958 1281 2994 illa
1295 2959 1328 2993 ei
1347 2956 1604 2993 restitueretur.
1660 2952 1729 3010 At:

135 3021 207 3064 'que
221 3014 374 3051 tandem
389 3016 556 3067 pervicit,
585 3024 626 3052 ut
641 3012 667 3050 fi
690 3014 753 3050 illa
768 3011 862 3050 nihil
889 3015 998 3050 exiis
1013 3024 1106 3063 quae
1120 3012 1215 3063 apud
1239 3011 1378 3048 inferos
1402 3007 1526 3058 essent,
1554 3004 1731 3065 degustjd-

136 3068 201 3115 iet,
232 3078 316 3106 tum
335 3078 417 3108 eam
434 3070 622 3108 *abducere
644 3068 780 3107 liceret.
836 3069 888 3105 Ea
910 3067 1080 3106 conditio
1105 3065 1231 3104 matris
1256 3065 1436 3104 desiderio
1465 3062 1610 3100 adverla
1635 3060 1729 3099 fuit;

1576 3112 1690 3167 ‘Profi
1699 3125 1732 3151 r-

690 3164 715 3178 ’Δ
