1973 3570
379 166 794 218 HISTORIA
846 159 1363 217 VENTORUM.
1754 194 1821 245 31

319 377 682 441 VENTI
756 381 1437 443 GENERALES.

605 548 684 597 Ad
710 551 1122 598 ARTlcULUMII.

198 643 226 680 E
251 643 372 681 ventis
386 642 622 693 generalibus
643 642 908 691 phaenomena
927 653 1018 680 rara.
1074 644 1115 682 N
1118 643 1145 681 il
1159 644 1316 692 mirum,
1343 656 1432 682 cum
1447 646 1547 685 intra
1561 649 1675 698 tropi-

216 710 280 735 cos
295 699 490 748 praecipue
505 696 775 748 perspiciantur
790 698 874 734 loca
889 698 1065 736 damnata
1079 699 1176 749 apud
1192 701 1381 750 antiquos.

122 756 356 792 CONSTAT
381 754 640 803 navigantibus
661 753 760 790 iuter
783 755 951 803 tropicos
966 754 1089 791 libero
1110 767 1274 804 aequore
1297 756 1386 794 flare
1407 767 1567 797 ventum
1586 770 1675 797 con-

64 808 221 845 stantem
236 811 273 847 &
288 810 415 858 jugem
433 808 592 856 (brizam
606 819 743 847 vocant
759 811 920 857 nautae,)
942 809 989 846 ab
1003 811 1153 848 oriente
1167 812 1209 847 in
1224 812 1477 850 occidentem.
1533 815 1568 851 Is
1593 826 1677 852 non

63 865 116 900 ita
139 862 260 913 segnis
280 863 341 911 cst,
372 865 465 913 quin
487 865 624 914 partim
648 863 739 901 flatu
760 865 929 913 proprio,
958 866 1096 914 partim
1118 867 1288 915 regendo
1310 878 1527 906 currentem
1550 871 1677 917 maris,

63 918 104 956 id
126 915 276 966 efficiat,
304 932 346 957 ut
370 930 559 969 nequeant
581 920 799 969 navigantes
821 918 945 957 versus
967 920 1166 960 Peru-viam
1179 921 1312 959 eadem
1334 924 1456 963 redire
1470 937 1544 974 qua
1566 925 1677 975 profi-

66 972 256 1012 ciscuntur
276 976 345 1012 via.

118 1039 154 1066 2.
184 1031 237 1067 IN
261 1027 397 1067 nostris
420 1029 584 1066 maribus
612 1029 785 1078 Europae
807 1029 1013 1078 percipitur
1041 1031 1154 1067 coelo
1182 1030 1316 1069 sereno
1339 1035 1377 1070 ὅ(
1401 1033 1506 1081 sudo,
1536 1037 1575 1073 ὅ(
1602 1035 1675 1075 ces·

61 1083 226 1122 santibus
240 1087 361 1128 ventis
376 1084 672 1134 particularibus,
701 1096 788 1120 aura
803 1084 988 1132 quaedam
1002 1084 1099 1122 lenis
1118 1085 1165 1122 ab
1180 1086 1330 1123 oriente
1344 1087 1538 1137 solisequa.

118 1151 153 1190 3.
185 1142 394 1178 Rsscn‘lr
424 1139 636 1178 observatio
663 1140 826 1188 vulgaris
853 1139 973 1177 nubes
998 1138 1239 1178 sublimiores
1258 1140 1348 1179 ferri
1376 1144 1601 1193 plerumque
1627 1146 1674 1183 ab

60 1196 210 1232 oriente
224 1196 265 1232 in
280 1195 541 1236 occidentem3
562 1194 676 1243 idque
691 1206 791 1241 cum,
817 1193 949 1232 iisdem
963 1196 1213 1245 temporibus,
1231 1197 1330 1234 circa
1343 1207 1484 1236 terram
1498 1210 1561 1237 aut
1576 1210 1675 1238 tran-

59 1248 224 1300 quillitas
246 1248 301 1299 sit,
329 1260 391 1288 aut
415 1261 548 1288 ventus
562 1247 737 1287 diversus.
793 1249 835 1287 Id
858 1248 883 1287 fi
897 1262 979 1288 non
1002 1249 1148 1300 semper
1161 1252 1313 1300 faciant,
1342 1256 1484 1303 poterit
1507 1256 1548 1292 in
1568 1256 1672 1294 causa

57 1305 141 1352 effe,
169 1306 273 1354 quod
297 1307 401 1344 venti
416 1306 656 1355 particulares
679 1305 908 1355 quandoque
923 1306 1016 1343 flant
1040 1306 1080 1343 in
1097 1306 1262 1355 sublimi,
1290 1310 1357 1358 qui
1382 1319 1541 1347 ventum
1563 1310 1674 1348 istum

58 1362 275 1412 generalem
289 1363 471 1400 obruunt.

110 1414 321 1454 Monitmn.
354 1418 402 1455 81
426 1418 508 1466 quis
523 1414 565 1454 sit
586 1417 670 1453 talis
686 1426 819 1453 ventus
841 1417 1026 1466 generalis
1041 1430 1085 1456 ex
1109 1418 1245 1456 ordine
1259 1430 1390 1457 motus
1404 1421 1516 1468 coeli,
1546 1421 1577 1459 is
1591 1433 1673 1459 non

55 1471 151 1509 adeo
172 1471 302 1509 firmus
319 1471 378 1519 est,
407 1474 500 1521 quin
523 1473 645 1509 ventis
660 1472 944 1521 particularibus
959 1473 1076 1511 cedat.
1133 1473 1372 1512 Manifestior
1398 1485 1525 1513 autem
1549 1476 1598 1514 est
1615 1478 1670 1514 in-

52 1537 113 1566 tra
128 1529 294 1577 tropicos
308 1538 463 1577 propter
477 1529 639 1565 circulos
654 1539 749 1575 quos
765 1526 919 1564 conficit
932 1529 1115 1574 majores3
1144 1531 1259 1567 etiam
1276 1532 1316 1567 in
1331 1530 1495 1577 sublimi,
1516 1543 1671 1581 propter

56 1582 217 1620 eandem
237 1583 382 1621 causam
407 1585 442 1620 δε
464 1594 618 1633 propter
643 1581 792 1619 cursum
815 1582 989 1620 liberum.
1046 1585 1323 1637 Quamobrem,
1352 1583 1377 1622 fi
1400 1587 1463 1624 hic
1477 1598 1578 1625 extra
1593 1597 1671 1625 tro-

54 1639 161 1688 picos
184 1639 335 1681 &juxta
358 1649 496 1675 terram
515 1639 593 1684 (ubi
617 1638 746 1675 mollis
761 1637 971 1675 admodum
996 1638 1170 1688 &segnis
1192 1638 1256 1688 est)
1276 1652 1364 1678 eum
1387 1642 1669 1691 deprehendere

54 1695 172 1738 voles,
210 1693 273 1730 fiat
299 1695 600 1743 experimentum
624 1694 665 1730 in
688 1695 770 1730 aere
795 1693 929 1740 libero,
960 1696 997 1731 ὃς
1020 1695 1061 1730 in
1086 1693 1231 1732 summa
1253 1697 1536 1744 tranquillitate,
1566 1699 1603 1735 ὅ(
1627 1699 1668 1735 in

56 1749 150 1786 locis
167 1749 270 1790 altis;
300 1753 336 1787 ὃ(
352 1752 391 1786 in
407 1761 569 1798 corpore
584 1749 690 1786 valde
705 1748 844 1785 mobili
860 1751 896 1786 δε
920 1758 1097 1798 tempore
1119 1751 1409 1801 pomeridian03
1439 1754 1526 1801 quia
1548 1764 1614 1803 per
1630 1753 1669 1790 id

54 1813 207 1853 tempus
222 1815 355 1843 ventus
371 1806 566 1842 orientalis
581 1804 813 1852 particularis
827 1805 972 1854 parcius
986 1804 1063 1842 flat.

111 1857 361 1896 Mandatum.
392 1862 511 1897 F1AT
535 1859 698 1908 diligens
722 1858 935 1898 observatio
958 1861 1055 1897 circa
1078 1861 1292 1910 pinnacula,
1331 1863 1369 1899 ὅ(
1390 1861 1577 1908 ejusmodi
1606 1862 1668 1900 fla-

58 1914 167 1960 bella,
196 1917 236 1951 in
252 1912 404 1963 fastigiis
419 1915 581 1951 turrium
597 1917 634 1951 ὃ(
646 1915 895 1963 templorum,
925 1925 972 1953 an
987 1917 1125 1953 nonin
1146 1917 1319 1954 maximis
1333 1918 1669 1967 tranquillitatibus

53 1968 147 2007 flent
162 1981 345 2021 perpetuo
361 1969 484 2008 versus
499 1969 766 2007 occidentem?

600 2060 900 2101 ‘Phaenomenon
914 2055 1118 2117 obliquum.

104 2148 144 2188 4
175 2139 412 2177 CONSTAT
443 2150 589 2185 eurum,
631 2140 672 2176 in
702 2139 853 2189 Europa
879 2135 1022 2185 nostra,
1064 2139 1135 2177 effe
1163 2149 1321 2178 ventum
1349 2138 1597 2178 desiccantem
1626 2144 1664 2180 δε

51 2205 192 2241 acrem,
220 2194 429 2244 zephyrum
444 2203 577 2230 contra
591 2193 872 2231 humestantem
884 2196 922 2232 ὃ(
935 2195 1092 2232 almum.
1149 2193 1301 2232 Annon
1313 2195 1389 2232 hoc
1403 2195 1456 2241 fit,
1486 2197 1573 2242 quia
1586 2196 1664 2246 (po-

51 2247 126 2286 fito
146 2250 250 2298 quod
277 2252 337 2286 aer
360 2259 513 2286 moveat
540 2249 586 2285 ab
610 2250 758 2285 oriente
787 2251 827 2286 in
851 2249 1106 2297 occidentem)
1132 2250 1274 2286 necess'e
1298 2249 1346 2285 est
1370 2259 1412 2285 ut
1439 2261 1559 2296 curm,
1598 2253 1664 2299 qui

50 2313 203 2342 moveat
219 2306 259 2341 in
274 2305 405 2342 eadem
420 2303 704 2349 consecutione,
731 2305 857 2340 aerem
872 2299 1021 2353 dissipet
1045 2306 1081 2340 &
1096 2313 1277 2349 attenuet,
1305 2303 1407 2340 unde
1422 2303 1464 2341 fit
1487 2306 1547 2342 aer
1563 2317 1664 2343 mor-

49 2359 120 2397 dax
134 2361 173 2397 ὅ(
194 2358 328 2400 ficeus3
356 2360 539 2410 zephyrus
564 2369 702 2404 autem,
731 2359 797 2406 qui
822 2359 862 2394 in
877 2359 1077 2404 contraria,
1106 2358 1232 2395 aerem
1255 2360 1296 2395 iu
1320 2356 1355 2395 se
1370 2368 1489 2397 vertat
1514 2361 1552 2398 δε
1575 2373 1664 2399 con-

48 2412 195 2463 denset,
222 2415 326 2453 unde
339 2414 383 2453 fit
398 2412 567 2453 obtusior
583 2416 620 2452 ὅ(
635 2414 793 2450 demum
807 2412 998 2450 humidus.

597 2504 897 2545 Phaenomenon
916 2501 1117 2559 obliquum.

113 2594 152 2634 5.
183 2584 219 2621 C
228 2596 482 2624 oNsUL1ro
507 2581 794 2632 inquifitionem
819 2583 866 2619 de
889 2592 1002 2619 motu
1025 2585 1063 2620 ὃ(
1085 2579 1187 2620 fluxu
1209 2594 1402 2632 aquarum,
1433 2594 1561 2623 utrum
1581 2587 1668 2624 illae

55 2650 236 2680 moveant
260 2641 306 2677 ab
330 2642 479 2677 oriente
503 2639 548 2676 ad
571 2639 826 2675 occidentem.
883 2638 987 2675 Nam
1011 2636 1036 2675 fi
1060 2648 1226 2675 extrema
1249 2639 1323 2676 hoe
1345 2650 1457 2677 motu
1480 2641 1665 2690 gaudeant

50 2696 203 2732 coelum
234 2697 272 2733 δε
303 2707 429 2743 aquae,
460 2706 593 2744 parum
621 2691 721 2730 abest
750 2694 844 2742 quin
872 2694 945 2740 aer,
982 2696 1047 2742 qui
1075 2694 1325 2732 intermedius
1354 2695 1414 2743 cst,
1457 2708 1499 2732 ex
1526 2696 1665 2733 eodem

50 2751 257 2800 participet.
1495 2795 1496 2798 Ἴ

52 2801 56 2804 ’
107 2804 318 2843 Momtum.
356 2804 707 2842 PHAENOMENA
736 2803 827 2849 duo,
869 2805 1043 2853 proxime
1070 2801 1199 2853 posita,
1241 2805 1396 2853 obliqua
1423 2805 1665 2855 appellamus,

47 2861 140 2909 quia
165 2871 247 2897 rem
270 2858 499 2909 designatam
527 2871 609 2896 non
637 2859 735 2896 reeh
764 2859 985 2906 monstrant,
1023 2857 1085 2896 sed
1112 2871 1178 2908 per
1202 2859 1456 2908 consequens5
1493 2860 1532 2897 id
1560 2861 1665 2910 quod

53 2918 158 2962 (cum
171 2915 268 2955 deest
282 2916 391 2965 copia
404 2915 763 2966 phaenomenorum
777 2914 979 2962 tectorum)
998 2915 1113 2952 etiam
1128 2915 1235 2954 avide
1251 2916 1464 2966 recipimus.

1410 3021 1659 3062 Mandatum.
