<?xml version="1.0" encoding="UTF-8"?>
<!DOCTYPE html PUBLIC "-//W3C//DTD XHTML 1.0 Transitional//EN"
    "http://www.w3.org/TR/xhtml1/DTD/xhtml1-transitional.dtd">
<html xmlns="http://www.w3.org/1999/xhtml" xml:lang="en" lang="en">
 <head>
  <title>
</title>
<meta http-equiv="Content-Type" content="text/html;charset=utf-8" />
  <meta name='ocr-system' content='tesseract 3.04.00' />
  <meta name='ocr-capabilities' content='ocr_page ocr_carea ocr_par ocr_line ocrx_word'/>
</head>
<body>
  <div class='ocr_page' id='page_1' title='image "./worksoffrancisba02baco_0423.png"; bbox 0 0 1973 3570; ppageno 0'>
   <div class='ocr_carea' id='block_1_1' title="bbox 565 241 1204 291">
    <p class='ocr_par' dir='ltr' id='par_1_1' title="bbox 565 241 1204 291">
     <span class='ocr_line' id='line_1_1' title="bbox 565 241 1204 291; baseline 0.006 -4"><span class='ocrx_word' id='word_1_1' title='bbox 565 241 1204 291; x_wconf 85' lang='lat' dir='ltr'><strong>EPISTOLAE.</strong></span> 
     </span>
    </p>
   </div>
   <div class='ocr_carea' id='block_1_2' title="bbox 78 329 1704 1214">
    <p class='ocr_par' dir='ltr' id='par_1_2' title="bbox 78 329 1704 1214">
     <span class='ocr_line' id='line_1_2' title="bbox 87 329 1698 393; baseline 0.003 -20"><span class='ocrx_word' id='word_1_2' title='bbox 87 333 181 373; x_wconf 90' lang='lat' dir='ltr'>nihil</span> <span class='ocrx_word' id='word_1_3' title='bbox 208 331 416 370; x_wconf 67' lang='lat' dir='ltr'>detrae’tum</span> <span class='ocrx_word' id='word_1_4' title='bbox 441 333 534 370; x_wconf 88' lang='lat' dir='ltr'>volo</span> <span class='ocrx_word' id='word_1_5' title='bbox 559 332 741 370; x_wconf 85' lang='lat' dir='ltr'>amicitiae</span> <span class='ocrx_word' id='word_1_6' title='bbox 771 329 915 379; x_wconf 80' lang='lat' dir='ltr'>officiis,</span> <span class='ocrx_word' id='word_1_7' title='bbox 945 334 1102 371; x_wconf 88' lang='lat' dir='ltr'>ulterius</span> <span class='ocrx_word' id='word_1_8' title='bbox 1124 334 1170 371; x_wconf 89' lang='lat' dir='ltr'>ab</span> <span class='ocrx_word' id='word_1_9' title='bbox 1195 334 1269 372; x_wconf 92' lang='lat' dir='ltr'>hoc</span> <span class='ocrx_word' id='word_1_10' title='bbox 1294 336 1454 385; x_wconf 79' lang='lat' dir='ltr'>ingrcss&#39;u</span> <span class='ocrx_word' id='word_1_11' title='bbox 1476 347 1698 393; x_wconf 85' lang='lat' dir='ltr'>quacunque</span> 
     </span>
     <span class='ocr_line' id='line_1_3' title="bbox 84 385 1699 442; baseline 0.003 -14"><span class='ocrx_word' id='word_1_12' title='bbox 84 387 280 428; x_wconf 70' lang='lat' dir='ltr'>occasione</span> <span class='ocrx_word' id='word_1_13' title='bbox 295 388 568 438; x_wconf 83' lang='lat' dir='ltr'>provehendae.</span> <span class='ocrx_word' id='word_1_14' title='bbox 627 386 859 426; x_wconf 82' lang='lat' dir='ltr'>Ludovz&#39;cus</span> <span class='ocrx_word' id='word_1_15' title='bbox 875 385 1103 440; x_wconf 73' lang='lat' dir='ltr'>Elfi’virius</span> <span class='ocrx_word' id='word_1_16' title='bbox 1123 388 1406 440; x_wconf 85' lang='lat' dir='ltr'>Amstelodamo</span> <span class='ocrx_word' id='word_1_17' title='bbox 1431 403 1549 442; x_wconf 89' lang='lat' dir='ltr'>nuper</span> <span class='ocrx_word' id='word_1_18' title='bbox 1570 395 1614 431; x_wconf 83' lang='lat' dir='ltr'>ad</span> <span class='ocrx_word' id='word_1_19' title='bbox 1634 409 1699 434; x_wconf 87' lang='lat' dir='ltr'>me</span> 
     </span>
     <span class='ocr_line' id='line_1_4' title="bbox 81 442 1698 494; baseline 0.003 -12"><span class='ocrx_word' id='word_1_20' title='bbox 81 442 230 494; x_wconf 86' lang='lat' dir='ltr'>scripsit,</span> <span class='ocrx_word' id='word_1_21' title='bbox 260 444 436 481; x_wconf 87' lang='lat' dir='ltr'>meditari</span> <span class='ocrx_word' id='word_1_22' title='bbox 470 443 520 489; x_wconf 85' lang='lat' dir='ltr'>se,</span> <span class='ocrx_word' id='word_1_23' title='bbox 549 443 631 481; x_wconf 85' lang='lat' dir='ltr'>fore</span> <span class='ocrx_word' id='word_1_24' title='bbox 658 444 761 482; x_wconf 89' lang='lat' dir='ltr'>brevi</span> <span class='ocrx_word' id='word_1_25' title='bbox 791 444 1058 491; x_wconf 84' lang='lat' dir='ltr'>inchoandam,</span> <span class='ocrx_word' id='word_1_26' title='bbox 1087 446 1129 482; x_wconf 89' lang='lat' dir='ltr'>in</span> <span class='ocrx_word' id='word_1_27' title='bbox 1148 455 1299 494; x_wconf 90' lang='lat' dir='ltr'>quarto,</span> <span class='ocrx_word' id='word_1_28' title='bbox 1327 445 1536 484; x_wconf 87' lang='lat' dir='ltr'>editionem</span> <span class='ocrx_word' id='word_1_29' title='bbox 1565 460 1698 488; x_wconf 86' lang='lat' dir='ltr'>eorum</span> 
     </span>
     <span class='ocr_line' id='line_1_5' title="bbox 78 495 1699 554; baseline 0.002 -17"><span class='ocrx_word' id='word_1_30' title='bbox 78 500 274 546; x_wconf 85' lang='lat' dir='ltr'>omnium,</span> <span class='ocrx_word' id='word_1_31' title='bbox 303 510 396 546; x_wconf 88' lang='lat' dir='ltr'>quae</span> <span class='ocrx_word' id='word_1_32' title='bbox 407 495 561 536; x_wconf 88' lang='lat' dir='ltr'>Bacono</span> <span class='ocrx_word' id='word_1_33' title='bbox 575 499 891 536; x_wconf 87' lang='lat' dir='ltr'>circumferuntur</span> <span class='ocrx_word' id='word_1_34' title='bbox 906 498 1077 546; x_wconf 83' lang='lat' dir='ltr'>authore,</span> <span class='ocrx_word' id='word_1_35' title='bbox 1106 501 1165 536; x_wconf 92' lang='lat' dir='ltr'>vel</span> <span class='ocrx_word' id='word_1_36' title='bbox 1184 498 1610 554; x_wconf 78' lang='lat' dir='ltr'>LatinevelAnglice3</span> <span class='ocrx_word' id='word_1_37' title='bbox 1639 505 1699 542; x_wconf 83' lang='lat' dir='ltr'>sed</span> 
     </span>
     <span class='ocr_line' id='line_1_6' title="bbox 83 551 1699 607; baseline 0.001 -13"><span class='ocrx_word' id='word_1_38' title='bbox 83 555 175 594; x_wconf 88' lang='lat' dir='ltr'>haec</span> <span class='ocrx_word' id='word_1_39' title='bbox 203 555 243 590; x_wconf 87' lang='lat' dir='ltr'>in</span> <span class='ocrx_word' id='word_1_40' title='bbox 266 551 482 590; x_wconf 82' lang='lat' dir='ltr'>Romanum</span> <span class='ocrx_word' id='word_1_41' title='bbox 503 553 720 591; x_wconf 88' lang='lat' dir='ltr'>sermonem</span> <span class='ocrx_word' id='word_1_42' title='bbox 739 553 936 590; x_wconf 87' lang='lat' dir='ltr'>vertenda:</span> <span class='ocrx_word' id='word_1_43' title='bbox 965 553 1146 603; x_wconf 86' lang='lat' dir='ltr'>petiitque</span> <span class='ocrx_word' id='word_1_44' title='bbox 1165 567 1186 592; x_wconf 90' lang='lat' dir='ltr'>a</span> <span class='ocrx_word' id='word_1_45' title='bbox 1213 567 1277 592; x_wconf 91' lang='lat' dir='ltr'>me</span> <span class='ocrx_word' id='word_1_46' title='bbox 1305 566 1457 594; x_wconf 90' lang='lat' dir='ltr'>eatenus</span> <span class='ocrx_word' id='word_1_47' title='bbox 1486 555 1699 607; x_wconf 80' lang='lat' dir='ltr'>eonsilium-²</span> 
     </span>
     <span class='ocr_line' id='line_1_7' title="bbox 83 607 1698 664; baseline 0.003 -18"><span class='ocrx_word' id='word_1_48' title='bbox 83 613 122 648; x_wconf 77' lang='grc' dir='ltr'>ὅ(</span> <span class='ocrx_word' id='word_1_49' title='bbox 136 608 162 646; x_wconf 87' lang='lat' dir='ltr'>fi</span> <span class='ocrx_word' id='word_1_50' title='bbox 182 607 272 658; x_wconf 90' lang='lat' dir='ltr'>quid</span> <span class='ocrx_word' id='word_1_51' title='bbox 293 621 312 645; x_wconf 92' lang='lat' dir='ltr'>e</span> <span class='ocrx_word' id='word_1_52' title='bbox 327 607 586 658; x_wconf 82' lang='lat' dir='ltr'>manuscriptis</span> <span class='ocrx_word' id='word_1_53' title='bbox 607 611 644 646; x_wconf 78' lang='grc' dir='ltr'>ὅ(</span> <span class='ocrx_word' id='word_1_54' title='bbox 668 608 979 658; x_wconf 83' lang='lat' dir='ltr'>interpretatione</span> <span class='ocrx_word' id='word_1_55' title='bbox 1003 610 1179 647; x_wconf 89' lang='lat' dir='ltr'>conferre</span> <span class='ocrx_word' id='word_1_56' title='bbox 1200 610 1342 660; x_wconf 79' lang='lat' dir='ltr'>possem</span> <span class='ocrx_word' id='word_1_57' title='bbox 1359 611 1591 659; x_wconf 80' lang='lat' dir='ltr'>adminiculi,</span> <span class='ocrx_word' id='word_1_58' title='bbox 1619 627 1698 664; x_wconf 89' lang='lat' dir='ltr'>quo</span> 
     </span>
     <span class='ocr_line' id='line_1_8' title="bbox 82 663 1699 715; baseline 0.002 -13"><span class='ocrx_word' id='word_1_59' title='bbox 82 665 248 702; x_wconf 65' lang='lat' dir='ltr'>auetiora</span> <span class='ocrx_word' id='word_1_60' title='bbox 274 666 311 700; x_wconf 76' lang='grc' dir='ltr'>ὅ(</span> <span class='ocrx_word' id='word_1_61' title='bbox 336 674 521 711; x_wconf 82' lang='lat' dir='ltr'>quantum</span> <span class='ocrx_word' id='word_1_62' title='bbox 541 674 644 715; x_wconf 90' lang='lat' dir='ltr'>pote,</span> <span class='ocrx_word' id='word_1_63' title='bbox 675 666 869 703; x_wconf 81' lang='lat' dir='ltr'>ornatiora</span> <span class='ocrx_word' id='word_1_64' title='bbox 892 665 1077 713; x_wconf 84' lang='lat' dir='ltr'>prodeant</span> <span class='ocrx_word' id='word_1_65' title='bbox 1096 677 1221 714; x_wconf 87' lang='lat' dir='ltr'>opera,</span> <span class='ocrx_word' id='word_1_66' title='bbox 1252 665 1317 702; x_wconf 89' lang='lat' dir='ltr'>diu</span> <span class='ocrx_word' id='word_1_67' title='bbox 1333 663 1591 704; x_wconf 79' lang='lat' dir='ltr'>faventissimis</span> <span class='ocrx_word' id='word_1_68' title='bbox 1619 681 1699 706; x_wconf 85' lang='lat' dir='ltr'>eru-</span> 
     </span>
     <span class='ocr_line' id='line_1_9' title="bbox 84 717 1700 773; baseline 0.001 -15"><span class='ocrx_word' id='word_1_69' title='bbox 84 721 156 758; x_wconf 90' lang='lat' dir='ltr'>diti</span> <span class='ocrx_word' id='word_1_70' title='bbox 186 719 318 755; x_wconf 92' lang='lat' dir='ltr'>mundi</span> <span class='ocrx_word' id='word_1_71' title='bbox 348 720 556 767; x_wconf 80' lang='lat' dir='ltr'>praeconiis</span> <span class='ocrx_word' id='word_1_72' title='bbox 586 721 622 756; x_wconf 72' lang='grc' dir='ltr'>ὃς</span> <span class='ocrx_word' id='word_1_73' title='bbox 643 718 816 768; x_wconf 85' lang='lat' dir='ltr'>applausu</span> <span class='ocrx_word' id='word_1_74' title='bbox 843 717 1155 757; x_wconf 82' lang='lat' dir='ltr'>contestatissimo</span> <span class='ocrx_word' id='word_1_75' title='bbox 1183 732 1343 771; x_wconf 83' lang='lat' dir='ltr'>excepta.</span> <span class='ocrx_word' id='word_1_76' title='bbox 1403 722 1465 758; x_wconf 90' lang='lat' dir='ltr'>Tu</span> <span class='ocrx_word' id='word_1_77' title='bbox 1490 719 1514 758; x_wconf 84' lang='lat' dir='ltr'>fi</span> <span class='ocrx_word' id='word_1_78' title='bbox 1542 723 1634 773; x_wconf 87' lang='lat' dir='ltr'>quid</span> <span class='ocrx_word' id='word_1_79' title='bbox 1660 726 1700 760; x_wconf 89' lang='lat' dir='ltr'>in</span> 
     </span>
     <span class='ocr_line' id='line_1_10' title="bbox 83 773 1699 825; baseline 0.001 -12"><span class='ocrx_word' id='word_1_80' title='bbox 83 784 216 813; x_wconf 87' lang='lat' dir='ltr'>mente</span> <span class='ocrx_word' id='word_1_81' title='bbox 250 783 314 810; x_wconf 88' lang='lat' dir='ltr'>aut</span> <span class='ocrx_word' id='word_1_82' title='bbox 341 785 457 810; x_wconf 86' lang='lat' dir='ltr'>manu</span> <span class='ocrx_word' id='word_1_83' title='bbox 489 774 601 811; x_wconf 86' lang='lat' dir='ltr'>habes</span> <span class='ocrx_word' id='word_1_84' title='bbox 632 774 734 811; x_wconf 88' lang='lat' dir='ltr'>unde</span> <span class='ocrx_word' id='word_1_85' title='bbox 767 773 943 824; x_wconf 85' lang='lat' dir='ltr'>affulgeat</span> <span class='ocrx_word' id='word_1_86' title='bbox 973 776 1183 820; x_wconf 86' lang='lat' dir='ltr'>adjumenti</span> <span class='ocrx_word' id='word_1_87' title='bbox 1213 775 1290 825; x_wconf 86' lang='lat' dir='ltr'>spes</span> <span class='ocrx_word' id='word_1_88' title='bbox 1318 777 1355 813; x_wconf 89' lang='lat' dir='ltr'>in</span> <span class='ocrx_word' id='word_1_89' title='bbox 1386 775 1590 814; x_wconf 84' lang='lat' dir='ltr'>molitione</span> <span class='ocrx_word' id='word_1_90' title='bbox 1620 788 1699 816; x_wconf 89' lang='lat' dir='ltr'>tam</span> 
     </span>
     <span class='ocr_line' id='line_1_11' title="bbox 85 827 1700 882; baseline 0.001 -14"><span class='ocrx_word' id='word_1_91' title='bbox 85 829 235 875; x_wconf 87' lang='lat' dir='ltr'>celebri,</span> <span class='ocrx_word' id='word_1_92' title='bbox 266 831 302 865; x_wconf 90' lang='lat'>&amp;</span> <span class='ocrx_word' id='word_1_93' title='bbox 325 829 535 879; x_wconf 90' lang='lat' dir='ltr'>plurimum</span> <span class='ocrx_word' id='word_1_94' title='bbox 560 827 796 866; x_wconf 84' lang='lat' dir='ltr'>consiliatura</span> <span class='ocrx_word' id='word_1_95' title='bbox 819 829 1098 868; x_wconf 87' lang='lat' dir='ltr'>existimationis</span> <span class='ocrx_word' id='word_1_96' title='bbox 1127 831 1232 868; x_wconf 88' lang='lat' dir='ltr'>istam</span> <span class='ocrx_word' id='word_1_97' title='bbox 1261 829 1471 868; x_wconf 86' lang='lat' dir='ltr'>editionem</span> <span class='ocrx_word' id='word_1_98' title='bbox 1497 844 1700 882; x_wconf 85' lang='lat' dir='ltr'>procuran-</span> 
     </span>
     <span class='ocr_line' id='line_1_12' title="bbox 84 882 1702 934; baseline 0.002 -11"><span class='ocrx_word' id='word_1_99' title='bbox 84 884 195 932; x_wconf 84' lang='lat' dir='ltr'>tibus,</span> <span class='ocrx_word' id='word_1_100' title='bbox 222 883 281 921; x_wconf 89' lang='lat' dir='ltr'>fac</span> <span class='ocrx_word' id='word_1_101' title='bbox 295 882 526 933; x_wconf 78' lang='lat' dir='ltr'>intelligam3</span> <span class='ocrx_word' id='word_1_102' title='bbox 557 885 703 922; x_wconf 88' lang='lat' dir='ltr'>&amp;habe</span> <span class='ocrx_word' id='word_1_103' title='bbox 723 897 786 921; x_wconf 85' lang='lat' dir='ltr'>me</span> <span class='ocrx_word' id='word_1_104' title='bbox 801 896 918 934; x_wconf 85' lang='lat' dir='ltr'>porro</span> <span class='ocrx_word' id='word_1_105' title='bbox 942 886 1042 923; x_wconf 88' lang='lat' dir='ltr'>inter</span> <span class='ocrx_word' id='word_1_106' title='bbox 1063 883 1327 923; x_wconf 85' lang='lat' dir='ltr'>devotiffimos</span> <span class='ocrx_word' id='word_1_107' title='bbox 1342 884 1561 924; x_wconf 75' lang='lat' dir='ltr'>Buconiani</span> <span class='ocrx_word' id='word_1_108' title='bbox 1575 889 1702 926; x_wconf 89' lang='lat' dir='ltr'>nomi-</span> 
     </span>
     <span class='ocr_line' id='line_1_13' title="bbox 83 937 1700 992; baseline 0.001 -14"><span class='ocrx_word' id='word_1_109' title='bbox 83 942 141 978; x_wconf 87' lang='lat' dir='ltr'>nis</span> <span class='ocrx_word' id='word_1_110' title='bbox 169 941 207 976; x_wconf 86' lang='lat'>&amp;</span> <span class='ocrx_word' id='word_1_111' title='bbox 238 937 421 975; x_wconf 83' lang='lat' dir='ltr'>virtutum</span> <span class='ocrx_word' id='word_1_112' title='bbox 455 949 605 976; x_wconf 88' lang='lat' dir='ltr'>tuarum</span> <span class='ocrx_word' id='word_1_113' title='bbox 637 941 812 977; x_wconf 86' lang='lat' dir='ltr'>cultores.</span> <span class='ocrx_word' id='word_1_114' title='bbox 870 941 975 978; x_wconf 87' lang='lat' dir='ltr'>Vale.</span> <span class='ocrx_word' id='word_1_115' title='bbox 1035 940 1217 991; x_wconf 68' lang='lat' dir='ltr'>Exspecto</span> <span class='ocrx_word' id='word_1_116' title='bbox 1250 954 1346 989; x_wconf 86' lang='lat' dir='ltr'>quae</span> <span class='ocrx_word' id='word_1_117' title='bbox 1374 940 1442 979; x_wconf 89' lang='lat' dir='ltr'>tibi</span> <span class='ocrx_word' id='word_1_118' title='bbox 1477 944 1631 992; x_wconf 83' lang='lat' dir='ltr'>cognita</span> <span class='ocrx_word' id='word_1_119' title='bbox 1653 944 1700 981; x_wconf 91' lang='lat' dir='ltr'>de</span> 
     </span>
     <span class='ocr_line' id='line_1_14' title="bbox 89 991 1702 1045; baseline 0.002 -12"><span class='ocrx_word' id='word_1_120' title='bbox 89 991 303 1034; x_wconf 69' lang='lat' dir='ltr'>Verulamii</span> <span class='ocrx_word' id='word_1_121' title='bbox 320 994 536 1042; x_wconf 82' lang='lat' dir='ltr'>majoribus,</span> <span class='ocrx_word' id='word_1_122' title='bbox 567 992 736 1033; x_wconf 80' lang='lat' dir='ltr'>Nicolao</span> <span class='ocrx_word' id='word_1_123' title='bbox 750 1005 855 1045; x_wconf 87' lang='lat' dir='ltr'>patre</span> <span class='ocrx_word' id='word_1_124' title='bbox 871 994 1067 1045; x_wconf 85' lang='lat' dir='ltr'>imprimis,</span> <span class='ocrx_word' id='word_1_125' title='bbox 1098 997 1144 1033; x_wconf 92' lang='lat' dir='ltr'>de</span> <span class='ocrx_word' id='word_1_126' title='bbox 1161 995 1409 1034; x_wconf 86' lang='lat' dir='ltr'>adolescentia</span> <span class='ocrx_word' id='word_1_127' title='bbox 1424 997 1551 1045; x_wconf 87' lang='lat' dir='ltr'>nostri,</span> <span class='ocrx_word' id='word_1_128' title='bbox 1579 997 1702 1036; x_wconf 82' lang='lat' dir='ltr'>studiis</span> 
     </span>
     <span class='ocr_line' id='line_1_15' title="bbox 84 1047 1704 1102; baseline 0.002 -14"><span class='ocrx_word' id='word_1_129' title='bbox 84 1050 182 1100; x_wconf 85' lang='lat' dir='ltr'>apud</span> <span class='ocrx_word' id='word_1_130' title='bbox 208 1047 559 1101; x_wconf 56' lang='lat' dir='ltr'>Cantabrigiensbs,</span> <span class='ocrx_word' id='word_1_131' title='bbox 589 1049 965 1102; x_wconf 82' lang='lat' dir='ltr'>peregrinationibus,</span> <span class='ocrx_word' id='word_1_132' title='bbox 994 1051 1218 1098; x_wconf 87' lang='lat' dir='ltr'>honoribus,</span> <span class='ocrx_word' id='word_1_133' title='bbox 1247 1051 1506 1090; x_wconf 81' lang='lat' dir='ltr'>cancellariam</span> <span class='ocrx_word' id='word_1_134' title='bbox 1532 1055 1569 1089; x_wconf 73' lang='grc' dir='ltr'>ὅ(</span> <span class='ocrx_word' id='word_1_135' title='bbox 1596 1065 1704 1091; x_wconf 88' lang='lat' dir='ltr'>exau-</span> 
     </span>
     <span class='ocr_line' id='line_1_16' title="bbox 86 1103 1702 1154; baseline 0.002 -12"><span class='ocrx_word' id='word_1_136' title='bbox 86 1103 317 1151; x_wconf 86' lang='lat' dir='ltr'>thorationc,</span> <span class='ocrx_word' id='word_1_137' title='bbox 347 1106 668 1154; x_wconf 86' lang='lat' dir='ltr'>parliamentariae</span> <span class='ocrx_word' id='word_1_138' title='bbox 693 1103 930 1143; x_wconf 78' lang='lat' dir='ltr'>authoritatis</span> <span class='ocrx_word' id='word_1_139' title='bbox 956 1105 1120 1143; x_wconf 87' lang='lat' dir='ltr'>decreto.</span> <span class='ocrx_word' id='word_1_140' title='bbox 1179 1103 1247 1144; x_wconf 82' lang='lat' dir='ltr'>Ista</span> <span class='ocrx_word' id='word_1_141' title='bbox 1274 1106 1410 1144; x_wconf 85' lang='lat' dir='ltr'>floride</span> <span class='ocrx_word' id='word_1_142' title='bbox 1434 1109 1471 1144; x_wconf 75' lang='grc' dir='ltr'>ὃ(</span> <span class='ocrx_word' id='word_1_143' title='bbox 1494 1106 1702 1146; x_wconf 78' lang='lat' dir='ltr'>liberaliori</span> 
     </span>
     <span class='ocr_line' id='line_1_17' title="bbox 90 1156 1701 1214; baseline 0.001 -17"><span class='ocrx_word' id='word_1_144' title='bbox 90 1162 134 1197; x_wconf 87' lang='lat' dir='ltr'>in</span> <span class='ocrx_word' id='word_1_145' title='bbox 167 1159 293 1197; x_wconf 86' lang='lat' dir='ltr'>laudes</span> <span class='ocrx_word' id='word_1_146' title='bbox 321 1156 569 1196; x_wconf 75' lang='lat' dir='ltr'>meritiffimas:</span> <span class='ocrx_word' id='word_1_147' title='bbox 601 1158 710 1208; x_wconf 84' lang='lat' dir='ltr'>stylo,</span> <span class='ocrx_word' id='word_1_148' title='bbox 738 1160 814 1197; x_wconf 92' lang='lat' dir='ltr'>hoc</span> <span class='ocrx_word' id='word_1_149' title='bbox 841 1161 1022 1198; x_wconf 88' lang='lat' dir='ltr'>ultimum</span> <span class='ocrx_word' id='word_1_150' title='bbox 1050 1171 1156 1199; x_wconf 88' lang='lat' dir='ltr'>caute</span> <span class='ocrx_word' id='word_1_151' title='bbox 1184 1162 1455 1211; x_wconf 69' lang='lat' dir='ltr'>pertraCtando,</span> <span class='ocrx_word' id='word_1_152' title='bbox 1494 1161 1701 1214; x_wconf 88' lang='lat' dir='ltr'>suscipiam,</span> 
     </span>
    </p>
   </div>
   <div class='ocr_carea' id='block_1_3' title="bbox 35 1213 1702 1267">
    <p class='ocr_par' dir='ltr' id='par_1_3' title="bbox 35 1213 1702 1267">
     <span class='ocr_line' id='line_1_18' title="bbox 35 1213 1702 1267; baseline 0.001 -14"><span class='ocrx_word' id='word_1_153' title='bbox 35 1247 38 1249; x_wconf 17' lang='grc' dir='ltr'><strong>Α</strong></span> <span class='ocrx_word' id='word_1_154' title='bbox 86 1228 136 1253; x_wconf 93' lang='lat' dir='ltr'>ne</span> <span class='ocrx_word' id='word_1_155' title='bbox 164 1213 384 1251; x_wconf 89' lang='lat' dir='ltr'>hominibus</span> <span class='ocrx_word' id='word_1_156' title='bbox 404 1214 625 1252; x_wconf 86' lang='lat' dir='ltr'>calumniari</span> <span class='ocrx_word' id='word_1_157' title='bbox 644 1224 706 1252; x_wconf 90' lang='lat' dir='ltr'>aut</span> <span class='ocrx_word' id='word_1_158' title='bbox 735 1215 855 1267; x_wconf 89' lang='lat' dir='ltr'>proba</span> <span class='ocrx_word' id='word_1_159' title='bbox 883 1215 1003 1253; x_wconf 88' lang='lat' dir='ltr'>serere</span> <span class='ocrx_word' id='word_1_160' title='bbox 1026 1218 1123 1253; x_wconf 89' lang='lat' dir='ltr'>naris</span> <span class='ocrx_word' id='word_1_161' title='bbox 1146 1217 1362 1266; x_wconf 86' lang='lat' dir='ltr'>praebeatur</span> <span class='ocrx_word' id='word_1_162' title='bbox 1389 1215 1522 1254; x_wconf 87' lang='lat' dir='ltr'>noxiae</span> <span class='ocrx_word' id='word_1_163' title='bbox 1550 1219 1702 1267; x_wconf 84' lang='lat' dir='ltr'>garruli-</span> 
     </span>
    </p>
   </div>
   <div class='ocr_carea' id='block_1_4' title="bbox 86 1267 1703 1320">
    <p class='ocr_par' dir='ltr' id='par_1_4' title="bbox 86 1267 1703 1320">
     <span class='ocr_line' id='line_1_19' title="bbox 86 1267 1703 1320; baseline 0.001 -12"><span class='ocrx_word' id='word_1_164' title='bbox 86 1271 184 1318; x_wconf 88' lang='lat' dir='ltr'>tatis,</span> <span class='ocrx_word' id='word_1_165' title='bbox 213 1281 235 1306; x_wconf 90' lang='lat' dir='ltr'>e</span> <span class='ocrx_word' id='word_1_166' title='bbox 257 1279 341 1306; x_wconf 88' lang='lat' dir='ltr'>mea</span> <span class='ocrx_word' id='word_1_167' title='bbox 357 1268 683 1307; x_wconf 87' lang='lat' dir='ltr'>commentatione</span> <span class='ocrx_word' id='word_1_168' title='bbox 697 1269 744 1307; x_wconf 90' lang='lat' dir='ltr'>de</span> <span class='ocrx_word' id='word_1_169' title='bbox 760 1268 829 1306; x_wconf 88' lang='lat' dir='ltr'>viri</span> <span class='ocrx_word' id='word_1_170' title='bbox 844 1270 960 1320; x_wconf 77' lang='lat' dir='ltr'>longe</span> <span class='ocrx_word' id='word_1_171' title='bbox 975 1267 1180 1308; x_wconf 72' lang='lat' dir='ltr'>dofflssimi</span> <span class='ocrx_word' id='word_1_172' title='bbox 1195 1273 1270 1309; x_wconf 88' lang='lat' dir='ltr'>vita</span> <span class='ocrx_word' id='word_1_173' title='bbox 1293 1274 1330 1309; x_wconf 72' lang='grc' dir='ltr'>ὃ(</span> <span class='ocrx_word' id='word_1_174' title='bbox 1346 1282 1486 1319; x_wconf 90' lang='lat' dir='ltr'>morte,</span> <span class='ocrx_word' id='word_1_175' title='bbox 1516 1274 1703 1311; x_wconf 87' lang='lat' dir='ltr'>materies.</span> 
     </span>
    </p>
   </div>
   <div class='ocr_carea' id='block_1_5' title="bbox 89 1375 643 1420">
    <p class='ocr_par' dir='ltr' id='par_1_5' title="bbox 89 1375 643 1420">
     <span class='ocr_line' id='line_1_20' title="bbox 89 1375 643 1420; baseline -0.004 -11"><span class='ocrx_word' id='word_1_176' title='bbox 89 1377 192 1420; x_wconf 82' lang='lat' dir='ltr'>Hagae</span> <span class='ocrx_word' id='word_1_177' title='bbox 215 1375 356 1414; x_wconf 79' lang='lat' dir='ltr'>Comitis,</span> <span class='ocrx_word' id='word_1_178' title='bbox 378 1375 524 1417; x_wconf 83' lang='lat' dir='ltr'>Maii29‚</span> <span class='ocrx_word' id='word_1_179' title='bbox 555 1376 643 1418; x_wconf 84' lang='lat' dir='ltr'>x652.</span> 
     </span>
    </p>
   </div>
   <div class='ocr_carea' id='block_1_6' title="bbox 198 1481 1596 1638">
    <p class='ocr_par' dir='ltr' id='par_1_6' title="bbox 198 1481 1596 1638">
     <span class='ocr_line' id='line_1_21' title="bbox 198 1481 1596 1576; baseline -0.001 -24"><span class='ocrx_word' id='word_1_180' title='bbox 198 1495 268 1552; x_wconf 91' lang='lat' dir='ltr'>V.</span> <span class='ocrx_word' id='word_1_181' title='bbox 297 1496 368 1553; x_wconf 90' lang='lat' dir='ltr'>R.</span> <span class='ocrx_word' id='word_1_182' title='bbox 424 1491 731 1551; x_wconf 82' lang='lat' dir='ltr'>Guilielmo</span> <span class='ocrx_word' id='word_1_183' title='bbox 763 1482 1047 1568; x_wconf 84' lang='lat' dir='ltr'>Rawlei0‚</span> <span class='ocrx_word' id='word_1_184' title='bbox 1091 1496 1144 1551; x_wconf 85' lang='lat' dir='ltr'>S.</span> <span class='ocrx_word' id='word_1_185' title='bbox 1176 1497 1230 1552; x_wconf 85' lang='lat' dir='ltr'>S.</span> <span class='ocrx_word' id='word_1_186' title='bbox 1283 1481 1596 1576; x_wconf 73' lang='lat' dir='ltr'>Theologiae</span> 
     </span>
     <span class='ocr_line' id='line_1_22' title="bbox 368 1578 1428 1638; baseline -0.001 0"><span class='ocrx_word' id='word_1_187' title='bbox 368 1580 607 1638; x_wconf 62' lang='lat' dir='ltr'>Dofz&#39;ori</span> <span class='ocrx_word' id='word_1_188' title='bbox 624 1582 674 1636; x_wconf 83' lang='lat' dir='ltr'>S.</span> <span class='ocrx_word' id='word_1_189' title='bbox 695 1582 766 1637; x_wconf 88' lang='lat' dir='ltr'>P.</span> <span class='ocrx_word' id='word_1_190' title='bbox 787 1582 871 1637; x_wconf 88' lang='lat' dir='ltr'>D.</span> <span class='ocrx_word' id='word_1_191' title='bbox 905 1578 1117 1636; x_wconf 83' lang='lat' dir='ltr'>Isaacus</span> <span class='ocrx_word' id='word_1_192' title='bbox 1142 1579 1428 1637; x_wconf 84' lang='lat' dir='ltr'>GruteruS.</span> 
     </span>
    </p>
   </div>
   <div class='ocr_carea' id='block_1_7' title="bbox 147 1725 482 1775">
    <p class='ocr_par' dir='ltr' id='par_1_7' title="bbox 147 1725 482 1775">
     <span class='ocr_line' id='line_1_23' title="bbox 147 1725 482 1775; baseline -0.003 -8"><span class='ocrx_word' id='word_1_193' title='bbox 147 1726 223 1767; x_wconf 77' lang='lat' dir='ltr'>Vir</span> <span class='ocrx_word' id='word_1_194' title='bbox 239 1725 482 1775; x_wconf 83' lang='lat' dir='ltr'>Reverende,</span> 
     </span>
    </p>
   </div>
   <div class='ocr_carea' id='block_1_8' title="bbox 186 1805 1709 1918">
    <p class='ocr_par' dir='ltr' id='par_1_8' title="bbox 186 1805 1709 1918">
     <span class='ocr_line' id='line_1_24' title="bbox 186 1805 1708 1862; baseline -0.001 -14"><span class='ocrx_word' id='word_1_195' title='bbox 186 1810 189 1811; x_wconf 48' lang='lat'><em>⁷</em></span> <span class='ocrx_word' id='word_1_196' title='bbox 225 1812 254 1849; x_wconf 89' lang='lat' dir='ltr'><strong>E</strong></span> <span class='ocrx_word' id='word_1_197' title='bbox 285 1809 448 1862; x_wconf 80' lang='lat' dir='ltr'>responsi</span> <span class='ocrx_word' id='word_1_198' title='bbox 475 1810 530 1849; x_wconf 91' lang='lat' dir='ltr'>tui</span> <span class='ocrx_word' id='word_1_199' title='bbox 559 1810 729 1848; x_wconf 89' lang='lat' dir='ltr'>tarditate</span> <span class='ocrx_word' id='word_1_200' title='bbox 749 1809 855 1859; x_wconf 90' lang='lat' dir='ltr'>queri</span> <span class='ocrx_word' id='word_1_201' title='bbox 883 1823 967 1849; x_wconf 91' lang='lat' dir='ltr'>non</span> <span class='ocrx_word' id='word_1_202' title='bbox 996 1809 1096 1858; x_wconf 82' lang='lat' dir='ltr'>licet,</span> <span class='ocrx_word' id='word_1_203' title='bbox 1124 1822 1214 1848; x_wconf 90' lang='lat' dir='ltr'>cum</span> <span class='ocrx_word' id='word_1_204' title='bbox 1242 1811 1280 1847; x_wconf 70' lang='grc' dir='ltr'>ὅ(</span> <span class='ocrx_word' id='word_1_205' title='bbox 1307 1805 1507 1848; x_wconf 87' lang='lat' dir='ltr'>difficultas</span> <span class='ocrx_word' id='word_1_206' title='bbox 1533 1806 1708 1856; x_wconf 73' lang='lat' dir='ltr'>traiee&#39;rus</span> 
     </span>
     <span class='ocr_line' id='line_1_25' title="bbox 244 1863 1709 1918; baseline -0.001 -14"><span class='ocrx_word' id='word_1_207' title='bbox 244 1867 352 1905; x_wconf 88' lang='lat' dir='ltr'>facile</span> <span class='ocrx_word' id='word_1_208' title='bbox 368 1878 514 1903; x_wconf 89' lang='lat' dir='ltr'>moram</span> <span class='ocrx_word' id='word_1_209' title='bbox 531 1865 700 1913; x_wconf 88' lang='lat' dir='ltr'>injiciant</span> <span class='ocrx_word' id='word_1_210' title='bbox 720 1878 762 1903; x_wconf 87' lang='lat' dir='ltr'>ex</span> <span class='ocrx_word' id='word_1_211' title='bbox 779 1878 881 1903; x_wconf 86' lang='lat' dir='ltr'>anno</span> <span class='ocrx_word' id='word_1_212' title='bbox 896 1865 936 1903; x_wconf 83' lang='lat' dir='ltr'>in</span> <span class='ocrx_word' id='word_1_213' title='bbox 958 1865 1137 1914; x_wconf 86' lang='lat' dir='ltr'>hyemem</span> <span class='ocrx_word' id='word_1_214' title='bbox 1153 1864 1291 1903; x_wconf 90' lang='lat' dir='ltr'>declivi</span> <span class='ocrx_word' id='word_1_215' title='bbox 1304 1865 1397 1903; x_wconf 90' lang='lat' dir='ltr'>dum</span> <span class='ocrx_word' id='word_1_216' title='bbox 1412 1863 1493 1903; x_wconf 83' lang='lat' dir='ltr'>tuas</span> <span class='ocrx_word' id='word_1_217' title='bbox 1508 1865 1626 1912; x_wconf 86' lang='lat' dir='ltr'>dares,</span> <span class='ocrx_word' id='word_1_218' title='bbox 1657 1875 1709 1918; x_wconf 81' lang='lat' dir='ltr'>at-</span> 
     </span>
    </p>
   </div>
   <div class='ocr_carea' id='block_1_9' title="bbox 87 1919 1711 1972">
    <p class='ocr_par' dir='ltr' id='par_1_9' title="bbox 87 1919 1711 1972">
     <span class='ocr_line' id='line_1_26' title="bbox 87 1919 1711 1972; baseline -0.001 -13"><span class='ocrx_word' id='word_1_219' title='bbox 87 1919 166 1972; x_wconf 59' lang='lat' dir='ltr'>&#39;que</span> <span class='ocrx_word' id='word_1_220' title='bbox 197 1922 346 1959; x_wconf 90' lang='lat' dir='ltr'>abunde</span> <span class='ocrx_word' id='word_1_221' title='bbox 374 1921 413 1959; x_wconf 89' lang='lat' dir='ltr'>in</span> <span class='ocrx_word' id='word_1_222' title='bbox 446 1923 490 1958; x_wconf 90' lang='lat' dir='ltr'>iis</span> <span class='ocrx_word' id='word_1_223' title='bbox 518 1919 663 1959; x_wconf 88' lang='lat' dir='ltr'>eveniat</span> <span class='ocrx_word' id='word_1_224' title='bbox 692 1933 771 1970; x_wconf 91' lang='lat' dir='ltr'>quo</span> <span class='ocrx_word' id='word_1_225' title='bbox 800 1921 835 1958; x_wconf 91' lang='lat' dir='ltr'>se</span> <span class='ocrx_word' id='word_1_226' title='bbox 868 1920 988 1971; x_wconf 87' lang='lat' dir='ltr'>pascat</span> <span class='ocrx_word' id='word_1_227' title='bbox 1025 1919 1268 1962; x_wconf 78' lang='lat' dir='ltr'>desiderium3</span> <span class='ocrx_word' id='word_1_228' title='bbox 1309 1920 1420 1958; x_wconf 84' lang='lat' dir='ltr'>tanto</span> <span class='ocrx_word' id='word_1_229' title='bbox 1454 1921 1621 1958; x_wconf 87' lang='lat' dir='ltr'>uberiori</span> <span class='ocrx_word' id='word_1_230' title='bbox 1656 1932 1711 1956; x_wconf 87' lang='lat' dir='ltr'>ac-</span> 
     </span>
    </p>
   </div>
   <div class='ocr_carea' id='block_1_10' title="bbox 92 1972 1709 2026">
    <p class='ocr_par' dir='ltr' id='par_1_10' title="bbox 92 1972 1709 2026">
     <span class='ocr_line' id='line_1_27' title="bbox 92 1972 1709 2026; baseline -0.002 -12"><span class='ocrx_word' id='word_1_231' title='bbox 92 1973 271 2024; x_wconf 70' lang='lat' dir='ltr'>cessione,</span> <span class='ocrx_word' id='word_1_232' title='bbox 302 1987 446 2026; x_wconf 88' lang='lat' dir='ltr'>quanto</span> <span class='ocrx_word' id='word_1_233' title='bbox 461 1975 695 2014; x_wconf 72' lang='lat' dir='ltr'>cunstantius</span> <span class='ocrx_word' id='word_1_234' title='bbox 710 1977 755 2014; x_wconf 88' lang='lat' dir='ltr'>ad</span> <span class='ocrx_word' id='word_1_235' title='bbox 772 1988 904 2014; x_wconf 84' lang='lat' dir='ltr'>manus</span> <span class='ocrx_word' id='word_1_236' title='bbox 924 1972 1063 2014; x_wconf 87' lang='lat' dir='ltr'>nostras</span> <span class='ocrx_word' id='word_1_237' title='bbox 1083 1973 1247 2014; x_wconf 86' lang='lat' dir='ltr'>fortaffis</span> <span class='ocrx_word' id='word_1_238' title='bbox 1261 1975 1460 2026; x_wconf 88' lang='lat' dir='ltr'>pervenisse</span> <span class='ocrx_word' id='word_1_239' title='bbox 1483 1974 1555 2012; x_wconf 88' lang='lat' dir='ltr'>dici</span> <span class='ocrx_word' id='word_1_240' title='bbox 1579 1973 1709 2025; x_wconf 89' lang='lat' dir='ltr'>potest.</span> 
     </span>
    </p>
   </div>
   <div class='ocr_carea' id='block_1_11' title="bbox 93 2030 1712 2192">
    <p class='ocr_par' dir='ltr' id='par_1_11' title="bbox 93 2030 1712 2192">
     <span class='ocr_line' id='line_1_28' title="bbox 93 2030 1711 2082; baseline -0.002 -12"><span class='ocrx_word' id='word_1_241' title='bbox 93 2033 142 2070; x_wconf 89' lang='lat' dir='ltr'>Et</span> <span class='ocrx_word' id='word_1_242' title='bbox 171 2035 342 2082; x_wconf 89' lang='lat' dir='ltr'>quamvis</span> <span class='ocrx_word' id='word_1_243' title='bbox 371 2031 574 2082; x_wconf 85' lang='lat' dir='ltr'>pauxillum</span> <span class='ocrx_word' id='word_1_244' title='bbox 596 2042 673 2069; x_wconf 92' lang='lat' dir='ltr'>erat</span> <span class='ocrx_word' id='word_1_245' title='bbox 704 2032 809 2082; x_wconf 90' lang='lat' dir='ltr'>quod</span> <span class='ocrx_word' id='word_1_246' title='bbox 837 2042 980 2082; x_wconf 89' lang='lat' dir='ltr'>praeter</span> <span class='ocrx_word' id='word_1_247' title='bbox 1011 2033 1144 2081; x_wconf 79' lang='lat' dir='ltr'>gratias</span> <span class='ocrx_word' id='word_1_248' title='bbox 1178 2030 1249 2081; x_wconf 87' lang='lat' dir='ltr'>pro</span> <span class='ocrx_word' id='word_1_249' title='bbox 1275 2030 1446 2069; x_wconf 90' lang='lat' dir='ltr'>indiculo</span> <span class='ocrx_word' id='word_1_250' title='bbox 1472 2041 1711 2080; x_wconf 86' lang='lat' dir='ltr'>reponerem,</span> 
     </span>
     <span class='ocr_line' id='line_1_29' title="bbox 93 2083 1712 2139; baseline -0.004 -13"><span class='ocrx_word' id='word_1_251' title='bbox 93 2089 172 2133; x_wconf 87' lang='lat' dir='ltr'>ejus</span> <span class='ocrx_word' id='word_1_252' title='bbox 194 2099 322 2126; x_wconf 87' lang='lat' dir='ltr'>tamen</span> <span class='ocrx_word' id='word_1_253' title='bbox 338 2087 373 2124; x_wconf 89' lang='lat' dir='ltr'>id</span> <span class='ocrx_word' id='word_1_254' title='bbox 399 2089 590 2124; x_wconf 89' lang='lat' dir='ltr'>momenti</span> <span class='ocrx_word' id='word_1_255' title='bbox 604 2085 724 2126; x_wconf 87' lang='lat' dir='ltr'>visum</span> <span class='ocrx_word' id='word_1_256' title='bbox 746 2087 807 2134; x_wconf 90' lang='lat' dir='ltr'>est,</span> <span class='ocrx_word' id='word_1_257' title='bbox 835 2097 878 2124; x_wconf 92' lang='lat' dir='ltr'>ut</span> <span class='ocrx_word' id='word_1_258' title='bbox 894 2084 1125 2139; x_wconf 83' lang='lat' dir='ltr'>supprimere</span> <span class='ocrx_word' id='word_1_259' title='bbox 1144 2087 1286 2124; x_wconf 89' lang='lat' dir='ltr'>diutius</span> <span class='ocrx_word' id='word_1_260' title='bbox 1314 2087 1527 2127; x_wconf 85' lang='lat' dir='ltr'>noluerim;</span> <span class='ocrx_word' id='word_1_261' title='bbox 1556 2083 1712 2135; x_wconf 86' lang='lat' dir='ltr'>praeser-</span> 
     </span>
     <span class='ocr_line' id='line_1_30' title="bbox 93 2135 1712 2192; baseline -0.003 -12"><span class='ocrx_word' id='word_1_262' title='bbox 93 2140 163 2180; x_wconf 83' lang='lat' dir='ltr'>tirn</span> <span class='ocrx_word' id='word_1_263' title='bbox 187 2155 275 2182; x_wconf 92' lang='lat' dir='ltr'>cum</span> <span class='ocrx_word' id='word_1_264' title='bbox 306 2143 408 2180; x_wconf 84' lang='lat' dir='ltr'>nefas</span> <span class='ocrx_word' id='word_1_265' title='bbox 435 2141 531 2179; x_wconf 89' lang='lat' dir='ltr'>mihi</span> <span class='ocrx_word' id='word_1_266' title='bbox 560 2142 760 2180; x_wconf 82' lang='lat' dir='ltr'>haberetur</span> <span class='ocrx_word' id='word_1_267' title='bbox 789 2139 986 2180; x_wconf 77' lang='lat' dir='ltr'>Smithnm&#39;</span> <span class='ocrx_word' id='word_1_268' title='bbox 1015 2141 1197 2192; x_wconf 87' lang='lat' dir='ltr'>responso&#39;</span> <span class='ocrx_word' id='word_1_269' title='bbox 1225 2154 1362 2189; x_wconf 87' lang='lat' dir='ltr'>carere,</span> <span class='ocrx_word' id='word_1_270' title='bbox 1392 2139 1515 2178; x_wconf 89' lang='lat' dir='ltr'>virum</span> <span class='ocrx_word' id='word_1_271' title='bbox 1541 2135 1712 2177; x_wconf 82' lang='lat' dir='ltr'>amicissi-</span> 
     </span>
    </p>
   </div>
   <div class='ocr_carea' id='block_1_12' title="bbox 87 2193 1712 2249">
    <p class='ocr_par' dir='ltr' id='par_1_12' title="bbox 87 2193 1712 2249">
     <span class='ocr_line' id='line_1_31' title="bbox 87 2193 1712 2249; baseline -0.003 -13"><span class='ocrx_word' id='word_1_272' title='bbox 87 2201 204 2249; x_wconf 17' lang='lat' dir='ltr'>,mum</span> <span class='ocrx_word' id='word_1_273' title='bbox 249 2199 285 2236; x_wconf 78' lang='grc' dir='ltr'>ὃ(</span> <span class='ocrx_word' id='word_1_274' title='bbox 301 2200 404 2245; x_wconf 86' lang='lat' dir='ltr'>cujus</span> <span class='ocrx_word' id='word_1_275' title='bbox 431 2199 471 2234; x_wconf 91' lang='lat' dir='ltr'>in</span> <span class='ocrx_word' id='word_1_276' title='bbox 495 2209 551 2234; x_wconf 87' lang='lat' dir='ltr'>res</span> <span class='ocrx_word' id='word_1_277' title='bbox 579 2195 722 2234; x_wconf 86' lang='lat' dir='ltr'>nostras</span> <span class='ocrx_word' id='word_1_278' title='bbox 742 2197 865 2235; x_wconf 88' lang='lat' dir='ltr'>studio</span> <span class='ocrx_word' id='word_1_279' title='bbox 890 2197 1070 2246; x_wconf 88' lang='lat' dir='ltr'>quicquid</span> <span class='ocrx_word' id='word_1_280' title='bbox 1087 2199 1129 2234; x_wconf 89' lang='lat' dir='ltr'>in</span> <span class='ocrx_word' id='word_1_281' title='bbox 1156 2209 1220 2234; x_wconf 91' lang='lat' dir='ltr'>me</span> <span class='ocrx_word' id='word_1_282' title='bbox 1243 2196 1292 2234; x_wconf 90' lang='lat' dir='ltr'>est</span> <span class='ocrx_word' id='word_1_283' title='bbox 1325 2208 1447 2243; x_wconf 85' lang='lat' dir='ltr'>curae,</span> <span class='ocrx_word' id='word_1_284' title='bbox 1476 2195 1632 2233; x_wconf 89' lang='lat' dir='ltr'>debetur</span> <span class='ocrx_word' id='word_1_285' title='bbox 1659 2193 1712 2231; x_wconf 85' lang='lat' dir='ltr'>af·</span> 
     </span>
    </p>
   </div>
   <div class='ocr_carea' id='block_1_13' title="bbox 93 2246 1714 2634">
    <p class='ocr_par' dir='ltr' id='par_1_13' title="bbox 93 2246 1714 2634">
     <span class='ocr_line' id='line_1_32' title="bbox 95 2246 1713 2304; baseline -0.003 -13"><span class='ocrx_word' id='word_1_286' title='bbox 95 2251 297 2304; x_wconf 57' lang='lat' dir='ltr'>fec‘iu‘que,</span> <span class='ocrx_word' id='word_1_287' title='bbox 325 2253 421 2290; x_wconf 91' lang='lat' dir='ltr'>nihil</span> <span class='ocrx_word' id='word_1_288' title='bbox 437 2250 630 2290; x_wconf 86' lang='lat' dir='ltr'>imminuti</span> <span class='ocrx_word' id='word_1_289' title='bbox 649 2263 767 2304; x_wconf 89' lang='lat' dir='ltr'>parte,</span> <span class='ocrx_word' id='word_1_290' title='bbox 794 2250 833 2289; x_wconf 90' lang='lat' dir='ltr'>in</span> <span class='ocrx_word' id='word_1_291' title='bbox 849 2264 965 2304; x_wconf 86' lang='lat' dir='ltr'>quam</span> <span class='ocrx_word' id='word_1_292' title='bbox 980 2252 1067 2289; x_wconf 89' lang='lat' dir='ltr'>sane</span> <span class='ocrx_word' id='word_1_293' title='bbox 1095 2264 1178 2289; x_wconf 91' lang='lat' dir='ltr'>non</span> <span class='ocrx_word' id='word_1_294' title='bbox 1201 2253 1337 2299; x_wconf 85' lang='lat' dir='ltr'>levem,</span> <span class='ocrx_word' id='word_1_295' title='bbox 1366 2247 1571 2289; x_wconf 75' lang='lat' dir='ltr'>Rawlems</span> <span class='ocrx_word' id='word_1_296' title='bbox 1595 2246 1713 2296; x_wconf 83' lang='lat' dir='ltr'>venit,</span> 
     </span>
     <span class='ocr_line' id='line_1_33' title="bbox 94 2300 1713 2358; baseline -0.004 -12"><span class='ocrx_word' id='word_1_297' title='bbox 94 2318 138 2346; x_wconf 89' lang='lat' dir='ltr'>ut</span> <span class='ocrx_word' id='word_1_298' title='bbox 153 2303 192 2346; x_wconf 89' lang='lat' dir='ltr'>in</span> <span class='ocrx_word' id='word_1_299' title='bbox 208 2310 357 2357; x_wconf 75' lang='lat' dir='ltr'>trigam,</span> <span class='ocrx_word' id='word_1_300' title='bbox 385 2308 558 2346; x_wconf 76' lang='lat' dir='ltr'>coaluisse</span> <span class='ocrx_word' id='word_1_301' title='bbox 581 2306 654 2345; x_wconf 90' lang='lat' dir='ltr'>dici</span> <span class='ocrx_word' id='word_1_302' title='bbox 669 2316 780 2358; x_wconf 89' lang='lat' dir='ltr'>queat</span> <span class='ocrx_word' id='word_1_303' title='bbox 795 2308 942 2357; x_wconf 87' lang='lat' dir='ltr'>optime</span> <span class='ocrx_word' id='word_1_304' title='bbox 956 2305 1236 2344; x_wconf 87' lang='lat' dir='ltr'>consentientes</span> <span class='ocrx_word' id='word_1_305' title='bbox 1259 2308 1420 2351; x_wconf 76' lang='lat' dir='ltr'>animos.</span> <span class='ocrx_word' id='word_1_306' title='bbox 1475 2300 1713 2342; x_wconf 85' lang='lat' dir='ltr'>Illustriflimi</span> 
     </span>
     <span class='ocr_line' id='line_1_34' title="bbox 96 2356 1710 2414; baseline -0.003 -13"><span class='ocrx_word' id='word_1_307' title='bbox 96 2362 222 2402; x_wconf 88' lang='lat' dir='ltr'>herois</span> <span class='ocrx_word' id='word_1_308' title='bbox 256 2361 469 2401; x_wconf 72' lang='lat' dir='ltr'>Verulamiz&#39;</span> <span class='ocrx_word' id='word_1_309' title='bbox 492 2375 608 2412; x_wconf 90' lang='lat' dir='ltr'>quam</span> <span class='ocrx_word' id='word_1_310' title='bbox 637 2362 759 2401; x_wconf 68' lang='lat' dir='ltr'>saneta</span> <span class='ocrx_word' id='word_1_311' title='bbox 787 2361 884 2412; x_wconf 88' lang='lat' dir='ltr'>apud</span> <span class='ocrx_word' id='word_1_312' title='bbox 907 2374 970 2399; x_wconf 91' lang='lat' dir='ltr'>me</span> <span class='ocrx_word' id='word_1_313' title='bbox 1005 2359 1046 2398; x_wconf 85' lang='lat' dir='ltr'>sit</span> <span class='ocrx_word' id='word_1_314' title='bbox 1073 2358 1307 2409; x_wconf 87' lang='lat' dir='ltr'>existimatio,</span> <span class='ocrx_word' id='word_1_315' title='bbox 1338 2358 1402 2399; x_wconf 79' lang='lat' dir='ltr'>etsi</span> <span class='ocrx_word' id='word_1_316' title='bbox 1430 2356 1612 2414; x_wconf 80' lang='lat' dir='ltr'>perquam</span> <span class='ocrx_word' id='word_1_317' title='bbox 1628 2357 1710 2396; x_wconf 91' lang='lat' dir='ltr'>soli-</span> 
     </span>
     <span class='ocr_line' id='line_1_35' title="bbox 98 2411 1714 2470; baseline -0.003 -14"><span class='ocrx_word' id='word_1_318' title='bbox 98 2421 172 2458; x_wconf 83' lang='lat' dir='ltr'>cite</span> <span class='ocrx_word' id='word_1_319' title='bbox 187 2417 379 2457; x_wconf 83' lang='lat' dir='ltr'>ostendiss&#39;e</span> <span class='ocrx_word' id='word_1_320' title='bbox 402 2431 466 2456; x_wconf 87' lang='lat' dir='ltr'>me</span> <span class='ocrx_word' id='word_1_321' title='bbox 493 2419 683 2470; x_wconf 84' lang='lat' dir='ltr'>putabam,</span> <span class='ocrx_word' id='word_1_322' title='bbox 712 2416 845 2455; x_wconf 86' lang='lat' dir='ltr'>faciam</span> <span class='ocrx_word' id='word_1_323' title='bbox 864 2427 994 2454; x_wconf 90' lang='lat' dir='ltr'>tamen</span> <span class='ocrx_word' id='word_1_324' title='bbox 1020 2427 1061 2454; x_wconf 91' lang='lat' dir='ltr'>ut</span> <span class='ocrx_word' id='word_1_325' title='bbox 1079 2418 1120 2454; x_wconf 90' lang='lat' dir='ltr'>in</span> <span class='ocrx_word' id='word_1_326' title='bbox 1149 2417 1338 2467; x_wconf 82' lang='lat' dir='ltr'>posterum</span> <span class='ocrx_word' id='word_1_327' title='bbox 1364 2414 1568 2466; x_wconf 79' lang='lat' dir='ltr'>religiosius</span> <span class='ocrx_word' id='word_1_328' title='bbox 1585 2426 1650 2451; x_wconf 91' lang='lat' dir='ltr'>me</span> <span class='ocrx_word' id='word_1_329' title='bbox 1673 2411 1714 2451; x_wconf 83' lang='lat' dir='ltr'>o-</span> 
     </span>
     <span class='ocr_line' id='line_1_36' title="bbox 93 2467 1714 2527; baseline -0.004 -15"><span class='ocrx_word' id='word_1_330' title='bbox 93 2486 225 2527; x_wconf 85' lang='lat' dir='ltr'>peram</span> <span class='ocrx_word' id='word_1_331' title='bbox 241 2473 378 2511; x_wconf 77' lang='lat' dir='ltr'>dedisse</span> <span class='ocrx_word' id='word_1_332' title='bbox 399 2485 478 2520; x_wconf 87' lang='lat' dir='ltr'>quo</span> <span class='ocrx_word' id='word_1_333' title='bbox 493 2474 567 2511; x_wconf 93' lang='lat' dir='ltr'>hoc</span> <span class='ocrx_word' id='word_1_334' title='bbox 582 2472 731 2512; x_wconf 89' lang='lat' dir='ltr'>literato</span> <span class='ocrx_word' id='word_1_335' title='bbox 747 2473 833 2511; x_wconf 92' lang='lat' dir='ltr'>orbi</span> <span class='ocrx_word' id='word_1_336' title='bbox 848 2471 1097 2510; x_wconf 85' lang='lat' dir='ltr'>innotesceret</span> <span class='ocrx_word' id='word_1_337' title='bbox 1119 2472 1248 2522; x_wconf 81' lang='lat' dir='ltr'>negari</span> <span class='ocrx_word' id='word_1_338' title='bbox 1267 2472 1365 2510; x_wconf 85' lang='lat' dir='ltr'>haud</span> <span class='ocrx_word' id='word_1_339' title='bbox 1390 2467 1516 2523; x_wconf 68' lang='lat' dir='ltr'>p&#39;ossit.</span> <span class='ocrx_word' id='word_1_340' title='bbox 1574 2471 1714 2518; x_wconf 90' lang='lat' dir='ltr'>Neque</span> 
     </span>
     <span class='ocr_line' id='line_1_37' title="bbox 97 2523 1713 2582; baseline -0.003 -16"><span class='ocrx_word' id='word_1_341' title='bbox 97 2531 203 2567; x_wconf 88' lang='lat' dir='ltr'>enim</span> <span class='ocrx_word' id='word_1_342' title='bbox 214 2530 393 2582; x_wconf 86' lang='lat' dir='ltr'>procedet</span> <span class='ocrx_word' id='word_1_343' title='bbox 409 2527 469 2565; x_wconf 72' lang='lat' dir='ltr'>ista</span> <span class='ocrx_word' id='word_1_344' title='bbox 490 2525 739 2566; x_wconf 86' lang='lat' dir='ltr'>contrahendi</span> <span class='ocrx_word' id='word_1_345' title='bbox 754 2529 886 2565; x_wconf 89' lang='lat' dir='ltr'>omnia</span> <span class='ocrx_word' id='word_1_346' title='bbox 900 2524 1128 2565; x_wconf 82' lang='lat' dir='ltr'>Baconiana</span> <span class='ocrx_word' id='word_1_347' title='bbox 1143 2528 1185 2564; x_wconf 92' lang='lat' dir='ltr'>in</span> <span class='ocrx_word' id='word_1_348' title='bbox 1205 2529 1327 2565; x_wconf 87' lang='lat' dir='ltr'>unum</span> <span class='ocrx_word' id='word_1_349' title='bbox 1345 2527 1530 2565; x_wconf 88' lang='lat' dir='ltr'>volumen</span> <span class='ocrx_word' id='word_1_350' title='bbox 1545 2523 1713 2571; x_wconf 91' lang='lat' dir='ltr'>molitio,</span> 
     </span>
     <span class='ocr_line' id='line_1_38' title="bbox 95 2578 1713 2634; baseline -0.004 -13"><span class='ocrx_word' id='word_1_351' title='bbox 95 2582 166 2622; x_wconf 81' lang='lat' dir='ltr'>nisi</span> <span class='ocrx_word' id='word_1_352' title='bbox 193 2587 230 2634; x_wconf 79' lang='lat' dir='ltr'>te</span> <span class='ocrx_word' id='word_1_353' title='bbox 252 2583 441 2630; x_wconf 77' lang='lat' dir='ltr'>consulto,</span> <span class='ocrx_word' id='word_1_354' title='bbox 471 2586 508 2621; x_wconf 71' lang='grc' dir='ltr'>δί</span> <span class='ocrx_word' id='word_1_355' title='bbox 541 2584 586 2621; x_wconf 87' lang='lat' dir='ltr'>ad</span> <span class='ocrx_word' id='word_1_356' title='bbox 613 2583 803 2633; x_wconf 88' lang='lat' dir='ltr'>symbolas</span> <span class='ocrx_word' id='word_1_357' title='bbox 831 2593 911 2620; x_wconf 91' lang='lat' dir='ltr'>tam</span> <span class='ocrx_word' id='word_1_358' title='bbox 939 2580 1073 2632; x_wconf 81' lang='lat' dir='ltr'>insigni</span> <span class='ocrx_word' id='word_1_359' title='bbox 1109 2581 1276 2620; x_wconf 81' lang='lat' dir='ltr'>editione</span> <span class='ocrx_word' id='word_1_360' title='bbox 1304 2581 1432 2631; x_wconf 84' lang='lat' dir='ltr'>dignas</span> <span class='ocrx_word' id='word_1_361' title='bbox 1460 2578 1641 2621; x_wconf 77' lang='lat' dir='ltr'>Invitato3</span> <span class='ocrx_word' id='word_1_362' title='bbox 1671 2589 1713 2616; x_wconf 87' lang='lat' dir='ltr'>ut</span> 
     </span>
    </p>
   </div>
   <div class='ocr_carea' id='block_1_14' title="bbox 90 2633 1713 2692">
    <p class='ocr_par' dir='ltr' id='par_1_14' title="bbox 90 2633 1713 2692">
     <span class='ocr_line' id='line_1_39' title="bbox 90 2633 1713 2692; baseline -0.004 -15"><span class='ocrx_word' id='word_1_363' title='bbox 90 2638 244 2687; x_wconf 24' lang='lat' dir='ltr'>*leetoris</span> <span class='ocrx_word' id='word_1_364' title='bbox 264 2641 339 2685; x_wconf 87' lang='lat' dir='ltr'>jam</span> <span class='ocrx_word' id='word_1_365' title='bbox 363 2638 511 2689; x_wconf 89' lang='lat' dir='ltr'>pridem</span> <span class='ocrx_word' id='word_1_366' title='bbox 545 2651 587 2676; x_wconf 87' lang='lat' dir='ltr'>ex</span> <span class='ocrx_word' id='word_1_367' title='bbox 613 2639 765 2692; x_wconf 89' lang='lat' dir='ltr'>praevio</span> <span class='ocrx_word' id='word_1_368' title='bbox 797 2650 935 2676; x_wconf 87' lang='lat' dir='ltr'>eorum</span> <span class='ocrx_word' id='word_1_369' title='bbox 962 2650 1056 2687; x_wconf 88' lang='lat' dir='ltr'>quae</span> <span class='ocrx_word' id='word_1_370' title='bbox 1086 2636 1403 2676; x_wconf 86' lang='lat' dir='ltr'>circumferuntur</span> <span class='ocrx_word' id='word_1_371' title='bbox 1441 2633 1559 2686; x_wconf 81' lang='lat' dir='ltr'>gustu,</span> <span class='ocrx_word' id='word_1_372' title='bbox 1587 2634 1713 2685; x_wconf 88' lang='lat' dir='ltr'>cupidi</span> 
     </span>
    </p>
   </div>
   <div class='ocr_carea' id='block_1_15' title="bbox 98 2687 1719 3227">
    <p class='ocr_par' dir='ltr' id='par_1_15' title="bbox 98 2687 1719 3215">
     <span class='ocr_line' id='line_1_40' title="bbox 98 2687 1713 2744; baseline -0.006 -12"><span class='ocrx_word' id='word_1_373' title='bbox 98 2693 321 2732; x_wconf 88' lang='lat' dir='ltr'>concilietur</span> <span class='ocrx_word' id='word_1_374' title='bbox 340 2696 458 2744; x_wconf 77' lang='lat' dir='ltr'>gratia</span> <span class='ocrx_word' id='word_1_375' title='bbox 484 2706 526 2730; x_wconf 89' lang='lat' dir='ltr'>ex</span> <span class='ocrx_word' id='word_1_376' title='bbox 554 2693 694 2731; x_wconf 84' lang='lat' dir='ltr'>illibata</span> <span class='ocrx_word' id='word_1_377' title='bbox 710 2694 859 2741; x_wconf 59' lang='lat' dir='ltr'>auctarii</span> <span class='ocrx_word' id='word_1_378' title='bbox 879 2705 961 2730; x_wconf 92' lang='lat' dir='ltr'>non</span> <span class='ocrx_word' id='word_1_379' title='bbox 981 2691 1201 2744; x_wconf 88' lang='lat' dir='ltr'>poenitendi</span> <span class='ocrx_word' id='word_1_380' title='bbox 1226 2691 1405 2731; x_wconf 86' lang='lat' dir='ltr'>novitate.</span> <span class='ocrx_word' id='word_1_381' title='bbox 1463 2687 1579 2729; x_wconf 85' lang='lat' dir='ltr'>Gallo</span> <span class='ocrx_word' id='word_1_382' title='bbox 1600 2691 1713 2725; x_wconf 89' lang='lat' dir='ltr'>intet-</span> 
     </span>
     <span class='ocr_line' id='line_1_41' title="bbox 99 2744 1712 2801; baseline -0.006 -14"><span class='ocrx_word' id='word_1_383' title='bbox 99 2752 208 2801; x_wconf 78' lang='lat' dir='ltr'>preti,</span> <span class='ocrx_word' id='word_1_384' title='bbox 239 2752 276 2798; x_wconf 65' lang='grc' dir='ltr'>ὅς</span> <span class='ocrx_word' id='word_1_385' title='bbox 301 2752 368 2798; x_wconf 90' lang='lat' dir='ltr'>qui</span> <span class='ocrx_word' id='word_1_386' title='bbox 390 2749 450 2786; x_wconf 91' lang='lat' dir='ltr'>sua</span> <span class='ocrx_word' id='word_1_387' title='bbox 477 2747 604 2786; x_wconf 83' lang='lat' dir='ltr'>nescio</span> <span class='ocrx_word' id='word_1_388' title='bbox 623 2749 725 2787; x_wconf 80' lang='lat' dir='ltr'>unde</span> <span class='ocrx_word' id='word_1_389' title='bbox 748 2746 1020 2787; x_wconf 77' lang='lat' dir='ltr'>consarcinavit</span> <span class='ocrx_word' id='word_1_390' title='bbox 1043 2748 1299 2797; x_wconf 89' lang='lat' dir='ltr'>centonesque</span> <span class='ocrx_word' id='word_1_391' title='bbox 1318 2744 1478 2794; x_wconf 87' lang='lat' dir='ltr'>consuit,</span> <span class='ocrx_word' id='word_1_392' title='bbox 1508 2747 1611 2782; x_wconf 83' lang='lat' dir='ltr'>locus</span> <span class='ocrx_word' id='word_1_393' title='bbox 1631 2755 1712 2780; x_wconf 89' lang='lat' dir='ltr'>non</span> 
     </span>
     <span class='ocr_line' id='line_1_42' title="bbox 100 2799 1713 2855; baseline -0.006 -13"><span class='ocrx_word' id='word_1_394' title='bbox 100 2805 248 2842; x_wconf 86' lang='lat' dir='ltr'>dabitur</span> <span class='ocrx_word' id='word_1_395' title='bbox 264 2803 303 2842; x_wconf 89' lang='lat' dir='ltr'>in</span> <span class='ocrx_word' id='word_1_396' title='bbox 328 2817 470 2855; x_wconf 78' lang='lat' dir='ltr'>magno</span> <span class='ocrx_word' id='word_1_397' title='bbox 490 2802 778 2854; x_wconf 68' lang='lat' dir='ltr'>syngrammate.</span> <span class='ocrx_word' id='word_1_398' title='bbox 835 2803 897 2843; x_wconf 80' lang='lat' dir='ltr'>Ut</span> <span class='ocrx_word' id='word_1_399' title='bbox 925 2814 1053 2841; x_wconf 89' lang='lat' dir='ltr'>autem</span> <span class='ocrx_word' id='word_1_400' title='bbox 1073 2801 1268 2854; x_wconf 86' lang='lat' dir='ltr'>separatim</span> <span class='ocrx_word' id='word_1_401' title='bbox 1295 2815 1384 2841; x_wconf 89' lang='lat' dir='ltr'>cum</span> <span class='ocrx_word' id='word_1_402' title='bbox 1412 2801 1570 2839; x_wconf 84' lang='lat' dir='ltr'>Historia</span> <span class='ocrx_word' id='word_1_403' title='bbox 1593 2799 1713 2835; x_wconf 88' lang='lat' dir='ltr'>Natu-</span> 
     </span>
     <span class='ocr_line' id='line_1_43' title="bbox 101 2852 1715 2911; baseline -0.006 -15"><span class='ocrx_word' id='word_1_404' title='bbox 101 2858 168 2896; x_wconf 87' lang='lat' dir='ltr'>rali</span> <span class='ocrx_word' id='word_1_405' title='bbox 183 2860 383 2898; x_wconf 77' lang='lat' dir='ltr'>excudatur</span> <span class='ocrx_word' id='word_1_406' title='bbox 409 2857 603 2897; x_wconf 68' lang='lat' dir='ltr'>exoticum&#39;</span> <span class='ocrx_word' id='word_1_407' title='bbox 627 2860 719 2911; x_wconf 81' lang='lat' dir='ltr'>opus</span> <span class='ocrx_word' id='word_1_408' title='bbox 743 2871 808 2911; x_wconf 87' lang='lat' dir='ltr'>per</span> <span class='ocrx_word' id='word_1_409' title='bbox 831 2859 1000 2908; x_wconf 76' lang='lat' dir='ltr'>excerpta</span> <span class='ocrx_word' id='word_1_410' title='bbox 1026 2858 1117 2896; x_wconf 87' lang='lat' dir='ltr'>hinc</span> <span class='ocrx_word' id='word_1_411' title='bbox 1143 2859 1231 2896; x_wconf 85' lang='lat' dir='ltr'>in&#39;de</span> <span class='ocrx_word' id='word_1_412' title='bbox 1256 2867 1511 2907; x_wconf 80' lang='lat' dir='ltr'>corrogatum,</span> <span class='ocrx_word' id='word_1_413' title='bbox 1541 2856 1575 2889; x_wconf 63' lang='grc' dir='ltr'>ὃς</span> <span class='ocrx_word' id='word_1_414' title='bbox 1592 2852 1715 2888; x_wconf 82' lang='lat' dir='ltr'>latini-</span> 
     </span>
     <span class='ocr_line' id='line_1_44' title="bbox 103 2913 1718 2965; baseline -0.006 -15"><span class='ocrx_word' id='word_1_415' title='bbox 103 2925 178 2951; x_wconf 79' lang='lat' dir='ltr'>tate</span> <span class='ocrx_word' id='word_1_416' title='bbox 196 2927 277 2952; x_wconf 86' lang='lat' dir='ltr'>mea</span> <span class='ocrx_word' id='word_1_417' title='bbox 296 2915 494 2962; x_wconf 85' lang='lat' dir='ltr'>donatum,</span> <span class='ocrx_word' id='word_1_418' title='bbox 525 2914 631 2964; x_wconf 91' lang='lat' dir='ltr'>spero</span> <span class='ocrx_word' id='word_1_419' title='bbox 652 2927 671 2951; x_wconf 85' lang='lat' dir='ltr'>a</span> <span class='ocrx_word' id='word_1_420' title='bbox 687 2924 724 2951; x_wconf 90' lang='lat' dir='ltr'>te</span> <span class='ocrx_word' id='word_1_421' title='bbox 753 2913 941 2965; x_wconf 83' lang='lat' dir='ltr'>impetrari</span> <span class='ocrx_word' id='word_1_422' title='bbox 968 2914 1125 2963; x_wconf 85' lang='lat' dir='ltr'>patieris.</span> <span class='ocrx_word' id='word_1_423' title='bbox 1182 2913 1355 2951; x_wconf 90' lang='lat' dir='ltr'>Interesse</span> <span class='ocrx_word' id='word_1_424' title='bbox 1369 2913 1474 2949; x_wconf 84' lang='lat' dir='ltr'>&#39;enim</span> <span class='ocrx_word' id='word_1_425' title='bbox 1493 2913 1599 2960; x_wconf 76' lang='lat' dir='ltr'>puto,</span> <span class='ocrx_word' id='word_1_426' title='bbox 1626 2917 1718 2942; x_wconf 89' lang='lat' dir='ltr'>cum</span> 
     </span>
     <span class='ocr_line' id='line_1_45' title="bbox 107 2959 1717 3021; baseline -0.006 -15"><span class='ocrx_word' id='word_1_427' title='bbox 107 2966 381 3007; x_wconf 72' lang='lat' dir='ltr'>Verulamium</span> <span class='ocrx_word' id='word_1_428' title='bbox 399 2969 562 3019; x_wconf 78' lang='lat' dir='ltr'>genuina</span> <span class='ocrx_word' id='word_1_429' title='bbox 582 2967 731 3007; x_wconf 83' lang='lat' dir='ltr'>Gallici</span> <span class='ocrx_word' id='word_1_430' title='bbox 748 2966 928 3006; x_wconf 86' lang='lat' dir='ltr'>sermonis</span> <span class='ocrx_word' id='word_1_431' title='bbox 944 2969 1075 3006; x_wconf 88' lang='lat' dir='ltr'>induta</span> <span class='ocrx_word' id='word_1_432' title='bbox 1093 2969 1197 3006; x_wconf 90' lang='lat' dir='ltr'>cultu</span> <span class='ocrx_word' id='word_1_433' title='bbox 1214 2965 1346 3021; x_wconf 81' lang='lat' dir='ltr'>passim</span> <span class='ocrx_word' id='word_1_434' title='bbox 1366 2964 1542 3019; x_wconf 86' lang='lat' dir='ltr'>prostent,</span> <span class='ocrx_word' id='word_1_435' title='bbox 1573 2971 1614 3000; x_wconf 90' lang='lat' dir='ltr'>ut</span> <span class='ocrx_word' id='word_1_436' title='bbox 1630 2959 1717 2997; x_wconf 85' lang='lat' dir='ltr'>sciat</span> 
     </span>
     <span class='ocr_line' id='line_1_46' title="bbox 105 3021 1719 3076; baseline -0.003 -17"><span class='ocrx_word' id='word_1_437' title='bbox 105 3023 502 3062; x_wconf 68' lang='lat' dir='ltr'>t1unsn1arinus-lc5ror</span> <span class='ocrx_word' id='word_1_438' title='bbox 522 3038 543 3061; x_wconf 94' lang='lat' dir='ltr'>e</span> <span class='ocrx_word' id='word_1_439' title='bbox 565 3025 700 3076; x_wconf 86' lang='lat' dir='ltr'>quibus</span> <span class='ocrx_word' id='word_1_440' title='bbox 719 3023 791 3060; x_wconf 84' lang='lat' dir='ltr'>filis</span> <span class='ocrx_word' id='word_1_441' title='bbox 804 3033 980 3060; x_wconf 87' lang='lat' dir='ltr'>contexta</span> <span class='ocrx_word' id='word_1_442' title='bbox 996 3021 1036 3060; x_wconf 82' lang='lat' dir='ltr'>sit</span> <span class='ocrx_word' id='word_1_443' title='bbox 1061 3023 1159 3060; x_wconf 85' lang='lat' dir='ltr'>istius</span> <span class='ocrx_word' id='word_1_444' title='bbox 1179 3025 1265 3061; x_wconf 87' lang='lat' dir='ltr'>libri</span> <span class='ocrx_word' id='word_1_445' title='bbox 1281 3023 1365 3068; x_wconf 87' lang='lat' dir='ltr'>tela,</span> <span class='ocrx_word' id='word_1_446' title='bbox 1398 3022 1433 3056; x_wconf 83' lang='lat'>&amp;</span> <span class='ocrx_word' id='word_1_447' title='bbox 1456 3028 1570 3066; x_wconf 84' lang='lat' dir='ltr'>quam</span> <span class='ocrx_word' id='word_1_448' title='bbox 1585 3026 1719 3053; x_wconf 84' lang='lat' dir='ltr'>verum</span> 
     </span>
     <span class='ocr_line' id='line_1_47' title="bbox 105 3069 1716 3131; baseline -0.006 -16"><span class='ocrx_word' id='word_1_449' title='bbox 105 3077 146 3115; x_wconf 80' lang='lat' dir='ltr'>fit</span> <span class='ocrx_word' id='word_1_450' title='bbox 163 3077 268 3130; x_wconf 80' lang='lat' dir='ltr'>quod</span> <span class='ocrx_word' id='word_1_451' title='bbox 286 3089 497 3129; x_wconf 86' lang='lat' dir='ltr'>anonymus</span> <span class='ocrx_word' id='word_1_452' title='bbox 512 3079 575 3117; x_wconf 89' lang='lat' dir='ltr'>iste</span> <span class='ocrx_word' id='word_1_453' title='bbox 600 3081 641 3117; x_wconf 90' lang='lat' dir='ltr'>in</span> <span class='ocrx_word' id='word_1_454' title='bbox 663 3078 894 3131; x_wconf 84' lang='lat' dir='ltr'>praefatione</span> <span class='ocrx_word' id='word_1_455' title='bbox 915 3079 961 3115; x_wconf 93' lang='lat' dir='ltr'>ad</span> <span class='ocrx_word' id='word_1_456' title='bbox 977 3078 1159 3115; x_wconf 67' lang='lat' dir='ltr'>lectorem</span> <span class='ocrx_word' id='word_1_457' title='bbox 1187 3079 1234 3116; x_wconf 90' lang='lat' dir='ltr'>cle</span> <span class='ocrx_word' id='word_1_458' title='bbox 1249 3089 1286 3115; x_wconf 88' lang='lat' dir='ltr'>te</span> <span class='ocrx_word' id='word_1_459' title='bbox 1311 3074 1555 3113; x_wconf 84' lang='lat' dir='ltr'>innominato</span> <span class='ocrx_word' id='word_1_460' title='bbox 1568 3069 1716 3131; x_wconf 66' lang='lat' dir='ltr'>scribit.</span> 
     </span>
     <span class='ocr_line' id='line_1_48' title="bbox 105 3124 1718 3215; baseline -0.009 -43"><span class='ocrx_word' id='word_1_461' title='bbox 105 3135 230 3172; x_wconf 76' lang='lat' dir='ltr'>Verba</span> <span class='ocrx_word' id='word_1_462' title='bbox 262 3135 338 3173; x_wconf 79' lang='lat' dir='ltr'>cius</span> <span class='ocrx_word' id='word_1_463' title='bbox 353 3134 465 3172; x_wconf 88' lang='lat' dir='ltr'>frater</span> <span class='ocrx_word' id='word_1_464' title='bbox 481 3146 588 3173; x_wconf 90' lang='lat' dir='ltr'>meus</span> <span class='ocrx_word' id='word_1_465' title='bbox 602 3132 652 3173; x_wconf 88' lang='lat' dir='ltr'>B.</span> <span class='ocrx_word' id='word_1_466' title='bbox 667 3132 727 3172; x_wconf 89' lang='lat' dir='ltr'>M.</span> <span class='ocrx_word' id='word_1_467' title='bbox 761 3130 911 3174; x_wconf 83' lang='lat' dir='ltr'>Latine</span> <span class='ocrx_word' id='word_1_468' title='bbox 931 3135 1042 3171; x_wconf 73' lang='lat' dir='ltr'>vertit</span> <span class='ocrx_word' id='word_1_469' title='bbox 1065 3134 1103 3171; x_wconf 87' lang='lat' dir='ltr'>in</span> <span class='ocrx_word' id='word_1_470' title='bbox 1120 3135 1240 3184; x_wconf 86' lang='lat' dir='ltr'>prima</span> <span class='ocrx_word' id='word_1_471' title='bbox 1256 3130 1421 3169; x_wconf 86' lang='lat' dir='ltr'>editione</span> <span class='ocrx_word' id='word_1_472' title='bbox 1437 3124 1622 3166; x_wconf 78' lang='lat' dir='ltr'>Historiae</span> <span class='ocrx_word' id='word_1_473' title='bbox 1643 3125 1718 3215; x_wconf 54' lang='grc' dir='ltr'>Ῑῖῖ-ἰ</span> 
     </span>
    </p>

    <p class='ocr_par' dir='ltr' id='par_1_16' title="bbox 160 3188 1719 3227">
     <span class='ocr_line' id='line_1_49' title="bbox 160 3188 1719 3227; baseline -0.006 -1"><span class='ocrx_word' id='word_1_474' title='bbox 160 3189 224 3227; x_wconf 86' lang='lat' dir='ltr'>Vo</span> <span class='ocrx_word' id='word_1_475' title='bbox 236 3200 271 3225; x_wconf 75' lang='lat' dir='ltr'>t„</span> <span class='ocrx_word' id='word_1_476' title='bbox 297 3190 337 3225; x_wconf 92' lang='lat' dir='ltr'>lI.</span> <span class='ocrx_word' id='word_1_477' title='bbox 863 3189 889 3225; x_wconf 87' lang='lat' dir='ltr'><strong>F</strong></span> <span class='ocrx_word' id='word_1_478' title='bbox 905 3188 926 3226; x_wconf 94' lang='lat' dir='ltr'>f</span> <span class='ocrx_word' id='word_1_479' title='bbox 940 3188 962 3226; x_wconf 91' lang='lat' dir='ltr'><strong>f</strong></span> <span class='ocrx_word' id='word_1_480' title='bbox 1578 3189 1660 3215; x_wconf 80' lang='lat' dir='ltr'>tura</span> <span class='ocrx_word' id='word_1_481' title='bbox 1678 3191 1719 3225; x_wconf 78' lang='lat' dir='ltr'>is,</span> 
     </span>
    </p>
   </div>
   <div class='ocr_carea' id='block_1_16' title="bbox 1771 269 1875 319">
    <p class='ocr_par' dir='ltr' id='par_1_17' title="bbox 1771 269 1875 319">
     <span class='ocr_line' id='line_1_50' title="bbox 1771 269 1875 319; baseline 0.029 -3"><span class='ocrx_word' id='word_1_482' title='bbox 1771 269 1875 319; x_wconf 79' lang='lat'>409</span> 
     </span>
    </p>
   </div>
  </div>
 </body>
</html>
