1973 3570
374 201 790 255 HISTORIA
841 199 1353 251 VENTORUM.

121 302 330 344 Monitum.
360 306 530 345 Vssnrss
553 306 676 354 polos,
707 306 744 342 ὃ(
763 314 865 342 verte
884 301 992 342 simul
1015 305 1308 352 observationes,
1338 314 1521 354 quatenus
1541 310 1585 346 ad
1608 323 1668 349 au-

66 360 180 398 strum
201 363 238 398 &
257 361 424 398 boream.
482 361 586 398 Cum
609 361 713 397 enim
732 358 896 397 absentia
920 361 956 396 ὃς
971 359 1175 409 praesentia
1197 359 1285 396 solis
1300 362 1341 397 in
1365 360 1469 398 causa
1493 360 1546 408 fir,
1576 368 1666 402 vari-

64 427 102 452 at
124 428 195 466 pro
219 417 365 453 ratione
388 416 579 465 polorum.
636 415 691 451 At
715 414 821 461 illud,
851 413 1022 451 constans
1050 427 1107 452 res
1131 415 1201 452 effe
1229 411 1355 464 polilt,
1386 416 1489 463 quod
1520 419 1601 466 plus
1624 418 1665 456 fit

64 472 176 507 maris
196 470 319 508 versus
344 471 516 517 austrum,
544 470 627 520 plus
653 467 695 506 fit
715 479 834 507 terrae
854 468 978 508 versus
1005 469 1171 517 boream,
1205 470 1309 520 quod
1337 471 1451 508 ctiam
1471 472 1517 508 ad
1535 483 1668 511 ventos

65 536 146 562 non
161 537 292 574 parum
307 525 407 562 facit.

117 577 325 618 Monitum.
356 581 399 617 M
411 590 524 617 ILLE
540 578 665 616 modis
683 578 778 616 fiunt
794 579 910 625 venti,
939 588 980 616 ut
996 590 1039 616 ex
1054 577 1296 628 inquisitione
1316 579 1484 628 sequenti
1500 581 1664 631 patebit:

60 634 189 683 Itaque
211 636 251 671 in
268 647 306 672 re
329 646 407 672 tam
421 637 520 673 vatia
534 634 645 683 figere
669 633 948 672 obstrvationes
965 633 1063 671 haud
1085 634 1194 673 fat-sse
1210 635 1269 673 est.
1325 634 1511 674 Attamen
1531 648 1624 686 quae
1640 649 1660 675 a

63 689 174 726 nobis
188 687 304 740 posita
320 689 405 728 sunt
420 701 490 739 pro
505 699 610 727 certo
628 690 851 739 plerumque
867 689 1056 727 obtinent.

333 917 646 1025 Origines
700 919 938 995 locales
987 917 1062 994 V
1053 936 1375 997 emtarum.

569 1133 648 1182 Ad
669 1137 1005 1184 ART1cuLUM
1026 1134 1149 1181 VIII.

613 1285 1102 1324 CONNEXIO.

190 1367 503 1408 ENTORUM
521 1369 685 1418 origines
699 1368 835 1406 locales
850 1368 953 1406 noss'e
967 1366 1100 1405 arduae
1116 1367 1164 1405 est
1179 1364 1442 1416 inquisitionis,
1463 1378 1550 1405 cum
1566 1370 1659 1408 illud

209 1423 328 1464 Unde
354 1426 390 1461 &
408 1424 499 1475 Quo
522 1434 737 1471 ventorum,
768 1435 809 1462 ut
824 1436 881 1461 res
902 1423 1037 1469 abdita,
1067 1423 1181 1460 etiam
1196 1424 1236 1459 in
1253 1422 1439 1473 seripturis
1460 1433 1588 1461 notata
1603 1423 1658 1464 fit.

57 1479 196 1526 Neque
219 1480 411 1527 loquimur
426 1480 501 1523 jam
525 1478 572 1515 de
587 1478 757 1517 fontibus
778 1489 982 1518 ventorum
1004 1479 1296 1528 particularium,
1328 1478 1387 1525 (de
1412 1479 1546 1526 quibus
1565 1481 1658 1529 post—

54 1535 112 1581 ea)
137 1533 198 1571 sed
213 1534 259 1570 de
282 1534 498 1570 matricibus
520 1543 723 1571 ventorum
746 1535 787 1571 in
801 1546 950 1583 genere.
1007 1532 1088 1570 Alii
1111 1545 1155 1570 ex
1180 1533 1257 1570 alto
1282 1544 1340 1570 eas
1355 1543 1501 1583 petunt,
1531 1535 1593 1571 alii
1617 1537 1660 1573 in

52 1588 247 1637 profundo
269 1590 473 1629 rimantur3
502 1589 542 1625 in
565 1589 695 1625 medio
709 1599 847 1635 autem,
877 1589 941 1627 ubi
964 1598 1006 1626 ut
1020 1588 1227 1637 plurimum
1249 1598 1487 1637 generantur,
1516 1590 1575 1626 vix
1598 1600 1658 1627 eas

53 1653 258 1691 quaerunt3
294 1654 335 1682 ut
359 1644 407 1681 est
429 1655 514 1680 mos
537 1643 740 1680 hominum
765 1656 858 1692 quae
883 1654 968 1681 ante
992 1643 1100 1692 pedes
1123 1641 1237 1693 pofita
1261 1642 1345 1680 sunt
1368 1644 1579 1692 praeterire,
1620 1648 1658 1683 &

53 1697 269 1735 obscuriora
291 1699 414 1736 malle.
471 1699 566 1735 illud
590 1700 720 1747 liquet,
751 1709 883 1736 ventos
907 1709 968 1736 aut
984 1700 1177 1747 indigenas
1192 1708 1254 1734 aut
1277 1698 1433 1735 advenas
1448 1697 1539 1738 ess'e3
1570 1698 1657 1736 sunt

53 1755 159 1790 enim
178 1755 281 1790 venti
306 1764 486 1802 tanquam
507 1764 734 1790 mercatores
757 1765 951 1803 vaporum,
981 1754 1118 1801 eosque
1143 1754 1182 1789 in
1199 1753 1315 1789 nubes
1339 1753 1517 1789 collestos
1532 1755 1568 1790 ὅ(
1588 1755 1657 1791 im-

51 1818 205 1857 portant
220 1811 259 1845 in
285 1811 456 1857 regiones
473 1810 508 1845 ὃ(
533 1818 741 1858 exportant,
772 1809 871 1846 unde
898 1810 1034 1845 iterum
1050 1809 1152 1845 venti
1174 1817 1355 1855 tanquam
1383 1819 1448 1856 per
1472 1819 1657 1856 permuta-

51 1864 212 1900 tionem.
274 1864 345 1900 Sed
370 1864 600 1912 inquiramus
616 1865 690 1909 jam
714 1864 760 1901 de
775 1864 920 1902 nativis,
977 1864 1055 1914 Qui
1072 1864 1174 1899 enim
1198 1862 1348 1899 aliunde
1364 1862 1537 1909 advenae,
1567 1864 1656 1900 alibi

55 1919 196 1955 nativi:
224 1920 317 1955 Tres
341 1920 455 1968 igitur
470 1919 635 1967 origines
657 1919 815 1959 locales;
845 1928 906 1956 aut
930 1920 1097 1969 expirant
1119 1920 1155 1954 ὃς
1179 1916 1382 1954 scaturiunt
1404 1929 1426 1954 e
1448 1927 1564 1957 terra3
1594 1928 1658 1955 aut

50 1972 278 2017 dejiciuntur
301 1985 344 2010 ex
360 1973 531 2013 sublimi3
559 1983 621 2011 aut
644 1973 857 2011 conflantur
880 1973 941 2010 hic
955 1974 995 2009 in
1021 1984 1179 2023 corpore
1195 1973 1298 2008 aeris.
1354 1973 1430 2024 Qii
1455 1982 1581 2009 autem
1595 1971 1657 2010 de-

51 2027 232 2072 jiciuntur
247 2040 290 2064 ex
310 2029 399 2078 alto,
429 2028 585 2078 duplicis
608 2030 881 2077 generationis
910 2038 972 2065 aut
993 2029 1096 2064 enim
1111 2027 1338 2072 dejiciuntur
1361 2038 1563 2075 antequam
1582 2027 1657 2065 for-

52 2092 205 2120 mentur
228 2084 268 2119 in
291 2083 419 2128 nubes,
457 2093 519 2120 aut
546 2084 668 2132 postea
693 2096 736 2121 ex
758 2084 919 2121 nubibus
941 2082 1125 2120 rarefaffis
1148 2084 1185 2119 ὃς
1204 2077 1394 2132 diffipatis.
1449 2082 1656 2122 Videamus

52 2149 147 2186 quae
162 2135 204 2174 fit
218 2137 351 2175 harum
373 2149 497 2175 rerum
514 2135 676 2176 historia.

110 2203 144 2229 1.
174 2194 473 2230 FINXERUNT
497 2194 639 2242 poetae,
669 2206 829 2244 regnum
844 2192 970 2230 AEoli
986 2194 1025 2230 in
1050 2193 1165 2229 antris
1188 2193 1225 2228 δε
1240 2192 1404 2229 cavernis
1428 2190 1493 2228 sub
1516 2201 1655 2228 terram

51 2246 156 2285 fuiss'e
171 2248 414 2294 collocatum,
445 2247 508 2284 ubi
524 2259 647 2284 carcer
662 2249 747 2286 esset
761 2259 965 2287 ventorum
980 2249 1045 2295 qui
1062 2247 1217 2283 subinde
1237 2246 1516 2282 emittebantur.

110 2312 146 2338 2.
170 2303 337 2339 ETIAM
355 2303 558 2352 theologos
580 2303 761 2350 quosdam
777 2302 1004 2349 eosdemque
1025 2299 1267 2350 philosophos
1282 2309 1438 2336 movent
1455 2299 1655 2349 scripturae

53 2357 186 2394 verba:
215 2355 303 2409 Qti
317 2354 500 2408 producit
515 2364 656 2394 ventos
679 2355 725 2394 de
741 2354 935 2408 thesauris
948 2354 1056 2406 fitis:
1087 2364 1265 2401 tanquam
1280 2355 1383 2391 venti
1398 2353 1595 2403 prodirent
1611 2367 1655 2392 ex

50 2411 147 2448 locis
169 2411 415 2458 thesaurariis,
445 2412 689 2449 subterraneis
714 2411 864 2457 scilicet,
893 2411 957 2446 ubi
978 2409 1062 2446 sunt
1084 2410 1270 2445 minerae:
1301 2407 1362 2445 sed
1384 2408 1459 2446 hoc
1474 2408 1569 2445 nihil
1593 2410 1652 2446 est.

53 2466 158 2504 Nam
180 2467 349 2514 loquitur
363 2468 476 2504 etiam
492 2467 669 2518 scriptura
691 2466 738 2504 de
752 2465 929 2504 thesauris
951 2465 1046 2502 nivis
1063 2466 1099 2501 &
1112 2463 1315 2513 grandiniS,
1344 2475 1433 2511 quas
1448 2465 1489 2500 in
1503 2462 1655 2501 sublimi

52 2523 223 2570 generari
237 2533 354 2558 nemo
368 2522 524 2559 dubitat.

107 2585 143 2625 3.
174 2578 227 2613 IN
252 2575 496 2613 subterraneis
516 2576 768 2626 proculdubio
792 2586 927 2624 magna
956 2573 1071 2610 existit
1093 2573 1186 2609 a'eris
1209 2574 1327 2623 copia,
1357 2584 1514 2621 eamque
1537 2574 1575 2611 δε
1597 2586 1654 2611 ex-

53 2630 173 2679 pirare
197 2629 327 2667 sensim
350 2629 558 2678 verisimile,
597 2634 634 2668 ὅ(
657 2632 781 2668 emitti
804 2629 1010 2667 confertim
1035 2628 1250 2677 aliquando,
1288 2628 1507 2677 urgentibus
1530 2627 1652 2676 caufis,

53 2685 196 2723 necesse
210 2683 274 2723 est.

596 2750 892 2791 Phaenomenon
906 2748 1107 2804 obliquum.

106 2827 161 2863 IN
187 2826 331 2874 magnis
354 2822 574 2861 siccitatibus
589 2826 626 2861 ὃς
648 2825 772 2864 media
787 2823 926 2869 aestate,
956 2834 1043 2859 cum
1066 2820 1184 2868 magis
1212 2817 1348 2856 rimosa
1363 2817 1405 2856 {it
1419 2829 1526 2864 terra,
1557 2816 1650 2854 solet

56 2892 250 2929 erumpere
266 2882 305 2917 in
318 2881 409 2916 locis
421 2880 530 2916 aridis
546 2881 582 2915 δε
595 2878 754 2917 arenosis
766 2890 900 2927 magna
908 2879 961 2916 vis
975 2886 1164 2925 aquarum.
1220 2875 1336 2925 Qiod
1346 2872 1371 2910 fi
1385 2874 1520 2910 facient
1536 2881 1650 2920 aquae

56 2933 206 2984 (corpus
221 2935 387 2983 eraflitm)
406 2946 511 2976 rar03
540 2935 665 2976 aerem
689 2934 836 2984 (eorpus
852 2943 965 2972 tenue
989 2935 1026 2971 ὃ(
1040 2930 1186 2977 subtile)
1212 2928 1285 2967 hoc
1301 2929 1514 2981 frequenter
1530 2926 1650 2964 facere

58 2989 250 3038 probabile
266 2989 325 3028 est.

1548 3100 1585 3138 4.
1607 3090 1647 3125 Si

1748 225 1813 270 39
