1973 3570
159 214 250 266 252

322 194 430 245 DE
483 187 1353 243 INTERPRETATIONE
1396 184 1825 237 NATURAE.

293 304 336 330 ac
355 292 432 338 ejus
454 288 770 327 ministrationem
794 290 931 340 triplici
956 289 1125 325 doCtrina
1148 288 1374 333 claudemus,
1404 285 1429 324 si
1453 288 1552 338 prius
1575 286 1653 324 duo
1677 290 1824 326 monita
1845 279 1893 326 ad

294 345 509 396 aperiendas
527 345 730 382 hominum
753 354 899 381 mentes
921 344 1211 393 praemittamus.
1267 344 1415 379 Horum
1439 343 1605 390 primum
1625 342 1685 387 est,
1716 345 1754 379 in
1777 345 1898 391 inqui-

299 400 432 438 sitione
458 413 512 447 ea,
548 411 641 448 quae
663 398 705 435 fit
730 411 794 450 per
824 397 1043 445 formulam,
1082 399 1180 434 inter
1207 398 1541 447 contemplativam
1567 406 1711 445 partem
1740 399 1898 436 afflvam

298 456 414 505 ipsam
429 466 611 506 perpetuo
627 455 885 491 intercurrere.
941 454 1026 490 Hoc
1041 455 1144 490 enim
1163 452 1235 489 fert
1256 463 1383 489 rerum
1399 462 1540 497 natura,
1571 461 1611 488 ut
1627 450 1903 500 propositiones

299 515 337 549 ὅ(
361 511 546 547 axiomata
565 522 587 546 a
613 510 730 557 magis
755 506 985 557 generalibus
1012 519 1077 556 per
1097 508 1465 556 argumentationem
1490 506 1719 542 dialefficam
1745 507 1904 545 dedueta

302 568 341 603 ὅ(
363 566 526 602 derivata
545 564 590 600 ad
610 564 842 613 particularia
866 565 902 599 ὅ(
925 574 1050 613 opera,
1088 561 1243 599 obscure
1263 561 1471 598 admodum
1496 563 1533 597 ὅ(
1558 561 1704 599 incerto
1729 562 1899 599 innuant.

301 620 420 672 Qiod
450 630 574 657 autem
600 631 642 655 ex
668 617 948 668 particularibus
974 619 1119 654 axioma
1145 617 1324 663 educitur,
1361 617 1406 652 ad
1425 627 1523 652 nova
1546 615 1789 667 particularia,
1824 626 1905 654 tan-

307 686 421 723 quam
446 673 784 724 correspondentia
803 671 1000 708 manifesto
1014 674 1050 708 ὅ(
1066 670 1245 708 constanti
1260 670 1407 708 tramite
1422 671 1543 707 ducat.
1592 669 1769 707 Alterum
1787 671 1906 715 hujus—

303 729 413 767 modi
433 729 492 774 est,
522 738 563 765 ut
578 728 826 763 meminerint
856 726 1031 763 homines
1051 727 1091 762 in
1112 723 1352 774 inquisitione
1367 726 1482 763 activa
1501 724 1640 761 necess'e
1656 725 1724 763 effe
1745 737 1824 763 rem
1841 738 1905 774 per

305 784 439 821 scalam
455 781 725 819 descensoriam
748 780 864 826 (cujus
880 779 1040 817 usumin
1061 781 1352 829 contemplativa
1367 779 1585 826 sustulimus)
1608 780 1754 817 confici.
1811 782 1907 817 Om-

307 837 364 876 nis
384 839 489 874 enim
511 837 682 884 operatio
705 836 745 871 in
768 834 966 872 individuis
989 835 1161 880 versatur,
1190 847 1284 882 quae
1307 834 1447 871 infimo>
1465 835 1553 871 loco
1581 834 1677 871 sunt.
1734 837 1860 883 ltaque
1887 848 1908 874 a

309 891 543 942 generalibus
564 902 629 941 per
651 889 784 938 gradus
806 889 851 925 ad
872 900 914 925 ca
933 887 1233 926 descendendum
1253 887 1313 926 est.
1370 891 1506 937 Neque
1531 890 1652 926 rursus
1674 889 1754 926 fieri
1777 889 1908 939 potest,

310 957 353 984 ut
379 958 443 995 per
458 944 642 981 axiomata
663 942 841 994 simplicia
856 943 900 980 ad
923 955 964 980 ea
979 946 1234 992 perveniatur3
1264 956 1381 980 omne
1405 946 1508 980 enim
1524 956 1616 994 opus
1639 955 1748 992 atque
1765 946 1841 989 ejus
1856 957 1910 982 ra-

308 1003 367 1039 tio
396 1013 438 1036 ex
475 1000 645 1036 coitione
674 1000 903 1036 axiomatum
931 998 1163 1037 diversorum
1195 999 1395 1036 instituitur
1434 1000 1471 1035 ὅ(
1508 997 1727 1048 designatur.
1782 1001 1910 1048 Itaque

313 1056 403 1092 haec
427 1053 579 1106 praefati
603 1054 647 1091 ad
672 1054 862 1104 triplicem
879 1054 981 1090 illam
1006 1054 1216 1090 doen-inam
1240 1055 1394 1091 aCtivam
1419 1052 1629 1093 veniemus3
1657 1057 1912 1103 quarumpri-

310 1121 374 1147 ma
394 1110 574 1161 proponit
589 1109 750 1146 modum
772 1106 1021 1156 inquisitionis
1041 1107 1249 1146 diffinitum
1266 1111 1302 1146 ὃ(
1322 1110 1530 1159 proprium,
1558 1109 1622 1145 ubi
1637 1121 1716 1145 non
1738 1110 1812 1155 jam
1827 1122 1910 1147 cau-

311 1165 361 1212 sa,
391 1174 453 1201 aut
476 1165 635 1210 axioma,
665 1163 726 1200 sed
752 1164 872 1214 operis
894 1164 1047 1208 alicujus
1069 1162 1219 1201 effectio
1243 1176 1285 1200 ex
1309 1165 1524 1200 intentione
1547 1162 1606 1209 est,
1636 1174 1745 1211 atque
1767 1163 1914 1212 inquisi-

311 1220 413 1257 tioni
438 1218 637 1265 subjicitur.
696 1218 864 1256 Secunda
888 1217 1048 1255 ostendit
1072 1218 1232 1255 modum
1253 1218 1478 1256 conficiendi
1501 1219 1643 1255 tabulas
1657 1219 1831 1269 prasticas
1854 1232 1915 1269 ge-

313 1275 469 1320 nerales,
497 1285 563 1323 per
583 1285 671 1321 quas
694 1275 921 1322 omnigenae
941 1284 1099 1322 operum
1118 1271 1389 1323 designationes
1412 1272 1552 1311 facilius
1568 1275 1603 1310 ὅ(
1625 1275 1833 1325 promptius
1854 1275 1915 1311 de-

314 1330 511 1367 ducantur.
569 1329 697 1365 Tertia
726 1328 913 1377 subjungit
947 1328 1107 1366 modum
1136 1329 1323 1377 quendam
1358 1328 1571 1376 inquirendi
1599 1326 1669 1366 five
1699 1330 1915 1366 inveniendi

315 1396 442 1436 opera,
481 1382 742 1435 imperfectum
763 1393 874 1430 certe,
915 1382 975 1420 sed
1004 1393 1131 1420 tamen
1151 1395 1232 1419 non
1260 1384 1448 1429 inutilem,
1485 1395 1563 1430 quo
1581 1383 1627 1430 ab
1657 1385 1917 1434 experimento

316 1440 364 1476 ad
388 1440 685 1488 experimentum
710 1438 932 1488 procedatur
952 1436 1088 1485 absque
1110 1436 1375 1474 constitutione
1400 1436 1604 1474 axiomatis.
1660 1440 1762 1475 Nam
1788 1451 1918 1486 quem-

317 1494 525 1531 admodum
549 1493 594 1529 ab
612 1493 795 1528 axiomate
816 1493 861 1529 ad
884 1494 1040 1538 axioma,
1070 1493 1120 1528 ita
1143 1493 1257 1529 etiam
1272 1493 1317 1529 ab
1342 1493 1599 1542 experimento
1617 1493 1662 1530 ad
1687 1495 1917 1542 experimen—

318 1558 402 1586 tum
433 1548 540 1589 datur
570 1549 606 1584 ὅ(
635 1547 796 1595 aperitur
826 1547 1006 1595 quaedam
1034 1548 1092 1584 via
1118 1547 1163 1584 ad
1196 1548 1466 1585 inveniendum
1496 1547 1670 1584 instabilis
1699 1550 1736 1584 δε
1766 1548 1918 1594 lubrica,

319 1602 380 1640 sed
410 1612 536 1639 tamen
556 1613 638 1638 non
666 1601 813 1650 prorsus
839 1600 987 1639 silentio
1013 1603 1353 1651 praetermittenda.
1403 1601 1489 1654 Jam
1518 1604 1631 1652 igitur
1660 1605 1696 1640 ὅ(
1721 1603 1919 1654 Ρῑειξὶὶεαιη

320 1655 635 1695 ministrationem
659 1668 824 1704 quoque,
853 1669 946 1705 quae
968 1658 1008 1693 in
1023 1657 1281 1694 distributione
1304 1658 1436 1694 ultima
1457 1655 1571 1706 posita
1594 1657 1653 1703 est,
1682 1656 1919 1696 absolvimus.

321 1712 452 1760 Atque
482 1711 572 1748 haec
598 1710 646 1748 est
675 1711 825 1756 hujusce
855 1712 1005 1749 secundi
1032 1712 1118 1749 libri
1147 1722 1271 1762 aperta
1299 1715 1334 1749 ὅ(
1361 1713 1479 1749 brevis
1507 1713 1721 1750 delineatio.
1777 1711 1922 1764 Quibus

322 1767 522 1817 explicatis,
550 1765 757 1803 thalamum
781 1779 850 1804 nos
866 1765 1001 1804 mentis
1023 1767 1206 1804 humanae
1224 1769 1260 1804 ὅς
1283 1764 1452 1813 universi,
1481 1768 1650 1816 pronuba
1670 1768 1796 1804 divina
1815 1769 1923 1805 boni-

290 1856 293 1857 .
324 1832 410 1868 tate,
448 1823 558 1870 plane
582 1821 805 1858 constituisse
827 1821 1063 1858 confidimus.
1118 1821 1355 1871 Epithalamii
1379 1832 1504 1858 autem
1519 1833 1650 1860 votum
1675 1820 1728 1868 sit,
1757 1833 1799 1859 ut
1814 1835 1856 1859 ex
1871 1834 1922 1860 eo

324 1877 522 1914 connubio
537 1877 669 1913 auxilia
692 1876 866 1922 humana,
895 1886 1073 1924 tanquam
1095 1876 1199 1928 stirps
1217 1877 1401 1918 heroum3
1430 1889 1524 1926 quae
1553 1873 1782 1914 necessitates
1803 1879 1838 1914 ὃ(
1853 1880 1922 1914 mi-

325 1931 431 1969 serias
453 1931 655 1967 hominum
671 1932 792 1979 aliqua
815 1943 861 1970 ex
876 1941 977 1981 parte
1000 1931 1191 1969 debellent
1212 1934 1249 1969 ὅ(
1271 1932 1443 1977 doment,
1471 1932 1684 1981 suscipiatur
1708 1934 1745 1969 &
1767 1932 1922 1970 deduca-

325 1996 396 2022 tur.
457 1986 533 2022 Sub
558 1985 673 2022 finem
700 1995 827 2023 tamen
851 1987 1031 2035 quaedam
1056 1986 1103 2023 de
1128 1987 1301 2024 laborum
1329 1986 1611 2024 consociatione
1637 1989 1675 2025 ὃ(
1698 1983 1924 2025 successione

325 2040 573 2083 subjiciemus,
629 2042 741 2078 Tunc
760 2042 863 2078 enim
884 2042 1040 2079 demum
1063 2041 1237 2079 homines
1252 2043 1346 2080 vires
1363 2041 1440 2079 suas
1459 2041 1628 2087 noscent,
1656 2053 1743 2079 cum
1764 2053 1846 2079 non
1870 2054 1927 2079 ea-

326 2095 414 2131 dem
444 2093 596 2139 infiniti,
626 2094 685 2132 sed
714 2096 843 2132 omiss'a
862 2097 923 2133 alii
952 2095 1193 2147 praestabunt.
1249 2098 1386 2144 Neque
1415 2097 1498 2134 sane
1517 2097 1564 2134 de
1588 2097 1721 2134 futuris
1745 2097 1927 2134 aetatibus

328 2150 432 2198 spem
451 2149 678 2196 abjiciemus,
707 2149 799 2198 quin
813 2152 1026 2188 exoriantur
1045 2153 1109 2199 qui
1133 2151 1186 2188 isti
1202 2163 1220 2188 a
1235 2150 1408 2189 tenuibus
1427 2151 1589 2203 profesta
1609 2152 1725 2189 initiis
1745 2153 1784 2188 in
1807 2152 1927 2196 majus

329 2203 549 2254 provehant.
605 2205 701 2241 Illud
718 2206 820 2242 enim
836 2207 1014 2252 occurrit,
1042 2205 1116 2243 hoc
1136 2207 1240 2254 quod
1255 2208 1375 2255 agitur
1391 2208 1442 2243 ob
1463 2207 1554 2243 boni
1570 2216 1740 2244 naturam
1756 2208 1924 2244 eminen-

331 2269 423 2305 tem,
461 2257 650 2300 manifeste
679 2272 698 2296 a
723 2261 809 2296 Deo
835 2260 914 2298 effe.
970 2261 1012 2299 Iu
1038 2261 1174 2299 divinis
1198 2271 1324 2299 autem
1349 2262 1535 2313 operibus,
1573 2263 1732 2298 minima
1759 2272 1927 2310 quaeque

333 2314 516 2363 principia
530 2324 709 2351 eventum
728 2315 891 2352 trahunt.

386 2368 560 2418 ATQUE
588 2369 626 2406 in
651 2369 915 2418 redargutione
939 2368 1013 2421 ipsa
1036 2370 1370 2421 philosophiarum,
1400 2382 1512 2419 quam
1535 2383 1717 2422 paramus,
1745 2371 1929 2409 nescimus

333 2421 423 2469 fere,
453 2434 530 2470 quo
546 2434 615 2459 nos
638 2434 834 2471 vertamus,
862 2437 948 2462 cum
964 2426 1033 2472 via,
1063 2436 1156 2473 quae
1170 2427 1250 2463 aliis
1264 2427 1306 2463 in
1327 2425 1649 2463 confutationibus
1663 2428 1793 2475 patuit,
1822 2425 1933 2462 nobis

335 2476 532 2514 interclusa
548 2475 601 2514 sit.
657 2480 760 2516 Nam
783 2482 820 2517 ὅ(
839 2490 899 2517 tot
915 2482 952 2517 ὅς
973 2489 1075 2517 tanta
1089 2479 1125 2517 se
1148 2479 1345 2517 ostendunt
1361 2492 1534 2518 errorum
1549 2483 1709 2530 agmina,
1738 2490 1779 2518 ut
1793 2492 1835 2517 ea
1849 2492 1932 2518 non

336 2528 500 2578 strictim,
530 2531 589 2569 sed
613 2533 815 2570 confertim
839 2545 1002 2572 evertere
1026 2536 1062 2572 ὅ(
1085 2534 1322 2572 summovere
1342 2534 1482 2572 necess'e
1504 2533 1569 2576 sit3
1599 2538 1635 2573 &
1653 2533 1678 2572 fi
1701 2536 1853 2586 propius
1875 2547 1930 2572 ac-

338 2584 481 2631 cedere,
511 2589 547 2624 &
567 2599 653 2624 cum
676 2586 826 2637 singulis
841 2601 997 2626 manum
1016 2589 1210 2626 conserere
1229 2590 1397 2635 velimus,
1426 2591 1465 2627 id
1482 2589 1610 2627 frustra
1629 2590 1763 2630 fuerit;
1791 2589 1931 2634 sublata

339 2638 603 2687 disputationis
625 2643 719 2691 lege,
758 2655 845 2680 cum
871 2644 917 2681 de
940 2642 1131 2695 principiis
1156 2656 1237 2681 non
1263 2644 1562 2686 consentiamus;
1599 2647 1636 2682 ὃς
1661 2645 1786 2681 multo
1813 2646 1932 2694 magis

341 2694 446 2742 quod
466 2693 556 2742 ipsas
571 2697 838 2745 probationum
860 2701 897 2736 &
911 2699 1276 2736 demonstrationum
1295 2699 1436 2737 formas
1450 2702 1486 2737 &
1501 2700 1694 2748 potestates
1712 2700 1931 2745 rejiciamus.

344 2749 457 2798 Qiod
486 2747 510 2784 fi
538 2749 589 2794 (id
612 2752 713 2798 quod
738 2752 862 2791 solum
885 2754 1048 2802 relinqui
1073 2754 1230 2801 videtur)
1258 2766 1311 2801 ea,
1348 2766 1442 2803 quae
1464 2766 1534 2791 nos
1553 2753 1749 2800 asserimus,
1785 2765 1806 2790 a
1829 2753 1935 2791 sensu

343 2802 426 2853 ipso
442 2805 477 2840 ἃ
493 2805 716 2852 experientia
730 2807 885 2845 educere
900 2810 937 2845 ὅ(
951 2810 1108 2846 excitare
1123 2807 1381 2850 connitamur;
1402 2808 1522 2847 rursus
1536 2808 1672 2846 eodem
1686 2809 1935 2850 revolvimur;

347 2860 384 2895 &
399 2856 508 2915 obliti
522 2870 665 2904 eorum,
695 2873 787 2908 quae
802 2863 849 2900 de
863 2864 1084 2901 animorum
1104 2865 1382 2915 praeparatione
1401 2864 1497 2901 dieta
1511 2862 1606 2910 sunt,
1635 2864 1861 2900 contrariam
1880 2864 1935 2900 in»

347 2909 456 2961 gressi
481 2914 579 2950 viam
599 2913 854 2958 inveniamur3
883 2929 971 2955 nam
993 2919 1033 2954 in
1054 2930 1110 2955 rcs
1125 2918 1215 2967 ipsas
1234 2919 1399 2968 abrupte,
1429 2921 1466 2955 ὅ(
1485 2916 1624 2954 directo
1645 2918 1864 2965 incidamus,
1892 2918 1937 2955 ad

348 2979 438 3014 quas
461 2969 560 3005 viam
574 2968 759 3016 quandam
784 2973 915 3019 aperiri
936 2975 972 3009 &
987 2971 1174 3019 substerni,
1204 2983 1356 3025 propter
1376 2972 1587 3010 obfirmatas
1602 2973 1817 3010 animorum
1836 2984 1935 3024 prae-

346 3024 614 3071 occupationes
634 3025 670 3060 &
685 3022 923 3072 obl'essiones,
951 3027 1184 3065 neceffeeffe
1199 3029 1440 3065 decrevimus.
1500 3027 1572 3064 Sed
1594 3037 1721 3065 tamen
1741 3037 1935 3079 propterea

345 3074 411 3126 ipsi
425 3089 495 3115 nos
512 3078 671 3118 minime
692 3077 925 3123 desei-emus
954 3081 1017 3121 sed
1030 3082 1174 3132 aliquid
1190 3081 1429 3121 comminisci
1448 3083 1485 3120 &
1499 3091 1655 3130 tentare,
1683 3082 1785 3132 quod
1800 3093 1936 3173 propo·

1883 3147 1941 3174 ito
