1973 3570
350 225 408 271 D.
453 223 624 272 THO.
673 217 973 272 BODLEI
1015 217 1427 276 EPISTOLA.

99 331 213 376 quam
233 325 358 362 nullae
378 324 658 373 deprehendant
674 324 921 369 conjecturae.
979 322 1168 376 Qiequid
1186 321 1227 361 fit
1238 341 1251 365 ,-
1282 336 1355 374 ego
1379 322 1473 361 mihi
1488 325 1702 377 persuadeo,

98 380 194 418 illud
210 381 387 432 practicae
407 380 615 417 medicinae
638 379 764 428 (prout
779 379 894 416 hodie
922 377 1128 428 exercetur)
1157 379 1340 428 probrum
1368 379 1515 416 refundi
1543 380 1579 418 in
1596 385 1701 434 profi-

97 433 262 477 tentium
294 434 477 472 incuriam
506 445 569 471 aut
604 433 799 480 inscitiam,
836 444 898 471 aut
924 435 1034 470 aliam
1066 432 1207 482 ingenii
1237 436 1312 471 mei
1342 433 1554 484 caliginem,
1597 439 1700 485 quod

97 491 224 532 minus
238 488 360 527 felices
375 490 504 526 habeat
520 489 705 526 success'us.
761 491 872 526 Pauci
889 490 991 526 enim
1016 489 1184 525 medicos
1201 490 1393 537 agentium
1410 488 1457 526 ita
1487 491 1526 527 in
1541 501 1616 528 arte
1640 493 1700 531 sua

95 545 283 582 exercitati
313 544 409 591 sunt,
438 554 479 581 ut
506 544 656 595 quidem
683 557 776 592 quae
792 557 832 580 ex
853 554 929 581 arte
958 542 1208 593 praescribunt
1224 544 1402 593 flagitant.
1460 544 1589 596 Atque
1612 545 1701 584 haec

90 599 184 638 -licet
198 600 243 636 ad
263 611 344 636 eam
361 599 632 651 persceiionem
653 611 734 636 non
758 599 924 648 assurgat,
953 597 1178 635 admirandis
1208 608 1334 635 tamen
1360 598 1522 636 sanitatis
1541 601 1699 639 admini-

93 655 188 692 culis
207 655 381 701 abundat,
411 665 451 691 ut
480 666 544 704 per
571 664 630 691 tot
645 653 875 691 famulorum
903 653 1097 691 decursum
1121 650 1432 703 exploratissimae
1452 653 1536 691 fidei
1558 656 1695 694 docue-

93 719 182 747 runt
209 711 474 760 experimenta,
503 722 596 760 quae
624 712 764 758 regiam
792 710 893 746 velut
913 708 1009 746 viam
1039 709 1206 760 pandunt
1223 710 1267 746 ad
1288 708 1698 750 commendatiffimam

92 775 158 815 per
175 775 210 801 te
235 776 385 815 quoque
412 764 612 801 scientiam.
670 763 871 813 Alchymia
888 766 924 800 ὅ(
953 766 1075 813 magia
1090 764 1335 802 axiomatibus
1363 763 1581 813 quibusdam
1609 777 1698 804 con-

91 819 185 856 stant
201 817 284 856 sane
304 819 424 869 dignis
439 832 532 868 quae
557 820 738 856 alscnsum
765 819 981 870 impetrent.
1039 819 1110 856 Sed
1134 830 1214 856 tota
1237 819 1419 856 artificum
1447 819 1622 857 industria
1650 820 1700 859 ita

91 873 332 912 subtilitatem
353 877 388 911 δε
404 873 619 926 imposturas
636 875 775 919 milcet,
807 885 847 912 ut
863 887 943 911 non
959 884 1108 912 tantum
1133 874 1230 912 fraus
1249 877 1284 912 &
1300 875 1473 911 fraudum
1498 874 1589 912 fabri
1607 887 1697 913 con-

91 939 278 980 temptum
306 928 497 966 incurrant
525 929 584 966 sed
602 933 636 966 ὅ(
654 928 816 967 ludibriis
830 929 1070 981 excipiantur.
1124 929 1253 981 Atque
1278 929 1338 966 hic
1368 939 1409 967 ut
1438 928 1476 966 in
1493 929 1614 968 solido
1642 933 1696 968 lo-

90 994 195 1020 cetur
216 985 319 1032 quod
342 983 497 1022 instituti
518 982 575 1021 ⁴tui
601 997 682 1036 pars
706 985 754 1021 est
779 981 982 1036 potiffima,
1012 984 1185 1021 videntur
1206 984 1298 1021 mihi
1315 985 1483 1036 exempla
1512 996 1574 1022 tua
1590 985 1694 1023 fuiss'e

88 1039 248 1094 petenda
273 1052 316 1076 ex
340 1041 383 1076 iis
407 1052 499 1091 quae
527 1039 692 1077 liberales
717 1041 868 1076 tradunt
893 1041 1076 1085 scientiae,
1121 1039 1283 1091 sepositis
1310 1052 1403 1091 quae
1433 1039 1517 1077 sunt
1539 1041 1585 1077 de
1612 1053 1696 1078 raro

89 1095 409 1143 contingentibus,
440 1098 487 1140 ἃ,
515 1105 555 1131 ut
583 1094 621 1131 in
645 1094 811 1132 confess'o
836 1095 895 1141 est,
924 1093 1029 1131 facile
1047 1094 1199 1131 refutari
1215 1095 1375 1146 poffunt,
1401 1094 1461 1131 sed
1478 1106 1694 1134 converren-

88 1150 175 1185 dam
206 1149 308 1187 fuiss‘e
323 1149 480 1186 censorii
509 1148 588 1198 styli
616 1150 732 1187 aciem
749 1151 788 1185 in
804 1162 856 1196 ea,
886 1161 980 1200 quae
1008 1148 1190 1198 generalia
1209 1148 1439 1199 praestruunt
1456 1151 1491 1185 ὃ(
1515 1160 1694 1201 tanquam

88 1209 170 1241 non
185 1204 429 1241 subvertenda
452 1204 635 1242 axiomata
650 1208 686 1242 <Se
702 1216 865 1240 canones
880 1203 1131 1241 defenderunt
1147 1200 1377 1240 nobiliss'lma
1392 1205 1518 1240 omnis
1533 1207 1612 1242 aevi
1639 1208 1694 1242 in-

32 1254 35 1257 *
86 1260 207 1308 genia.
266 1260 382 1308 Apud
412 1260 576 1296 eruditos
596 1259 697 1297 enim
728 1259 824 1295 nihil
859 1261 1003 1305 certius,
1040 1271 1153 1307 quam
1189 1259 1282 1296 illud
1306 1261 1442 1296 arrium
1467 1271 1596 1308 genus,
1634 1259 1694 1298 eui

84 1313 295 1351 scholastica
320 1314 414 1350 olim
433 1314 536 1351 natio
561 1327 705 1352 nomen
722 1313 824 1351 dedit
838 1311 1120 1366 quadriviales,
1136 1312 1337 1363 positiones
1354 1314 1430 1351 suas
1441 1327 1505 1365 per
1527 1314 1693 1352 irrefuta-

87 1368 176 1406 biles
191 1368 527 1407 demonstrationes
547 1369 738 1407 ass'eruiss'e.
795 1370 846 1406 Inv
862 1371 944 1406 aliis
970 1381 1122 1420 quoquc
1145 1366 1331 1406 triviales
1360 1369 1476 1415 dietis,
1506 1380 1568 1406 eae
1582 1370 1695 1407 nobis

83 1422 277 1476 supersunt
301 1426 448 1474 regulae
470 1426 572 1462 velut
598 1437 662 1474 per
690 1436 823 1462 manus
850 1425 1018 1471 traditae,
1061 1436 1155 1476 quac
1189 1424 1410 1474 plerumque
1435 1424 1510 1460 fine
1539 1423 1618 1471 suo,
1652 1424 1691 1462 in

83 1491 199 1528 quem
219 1478 371 1516 scientia
391 1492 558 1531 quaeque
572 1481 764 1526 collineat,
793 1488 874 1517 non
904 1480 1098 1516 excedunt.
1148 1478 1237 1532 jam
1265 1492 1355 1516 vero
1377 1477 1402 1516 fi
1430 1491 1501 1516 nos
1528 1478 1689 1517 consilio

82 1544 153 1572 tuo
172 1534 325 1572 ductiles
340 1536 589 1584 praebeamus,
618 1534 652 1572 id
675 1535 734 1581 cst,
763 1546 986 1572 communes
1002 1536 1180 1571 notiones
1194 1532 1342 1571 homini
1358 1532 1480 1571 insitas
1500 1546 1689 1576 exuamus,

82 1590 286 1638 deletisque
297 1590 476 1627 omnibus
491 1589 697 1627 actionibus
717 1589 858 1637 nostris,
887 1589 1062 1639 operibus
1088 1592 1122 1626 ὃ(
1139 1590 1323 1634 maximis,
1353 1588 1606 1638 repuerascere
1627 1601 1690 1627 co-

82 1657 231 1690 nemur,
260 1657 339 1694 quo
368 1647 474 1682 liceat
503 1647 642 1683 intrare
671 1657 830 1695 regnum
861 1655 1024 1690 naturae,
1050 1654 1089 1681 ut
1118 1657 1161 1682 ex
1190 1643 1277 1681 sacri
1298 1644 1437 1681 codicis
1464 1645 1691 1696 praescripto

82 1702 305 1738 enitendum
329 1698 438 1737 nobis
466 1699 515 1737 est
537 1701 582 1738 ad
602 1712 757 1753 regnum
780 1698 975 1745 coelorum,
1004 1712 1065 1736 me
1084 1699 1238 1750 quidem
1268 1701 1401 1746 judice,
1430 1698 1524 1736 nihil
1553 1702 1689 1737 certius

80 1754 142 1801 est,
169 1768 281 1807 quam
298 1754 343 1792 fic
365 1755 555 1808 praecipiti
583 1758 700 1805 gradu
721 1756 888 1793 eundum
915 1755 982 1792 effe
1006 1757 1046 1791 in
1067 1755 1287 1801 barbariem,
1317 1755 1417 1791 unde
1444 1753 1524 1803 post
1543 1753 1687 1803 aliquot

82 1810 315 1848 saeculorum
346 1810 461 1848 millia
498 1810 619 1848 nihilo
651 1810 900 1848 instructiores
937 1821 1171 1859 emergamus
1203 1810 1417 1847 theoreticis
1450 1810 1686 1855 adjumentis,

81 1878 198 1914 quam
225 1878 326 1903 nunc
343 1865 477 1903 sumus.
536 1869 640 1904 Nam
670 1868 720 1903 ita
739 1867 896 1903 demum
919 1878 1004 1902 vere
1032 1865 1232 1902 secundam
1259 1865 1469 1902 ordiremur
1490 1863 1688 1913 pueritiam

81 1919 166 1958 facti
180 1921 304 1958 tabula
320 1921 406 1967 raia,
436 1923 512 1968 ubi,
541 1922 670 1958 deletis
685 1923 856 1971 priorum
884 1920 1154 1972 principiorum
1171 1919 1342 1970 vestigiis,
1363 1919 1570 1956 resuscitare
1587 1920 1687 1961 iube-

81 1988 169 2013 mur
194 1978 285 2013 novi
306 1975 436 2013 mundi
466 1977 683 2028 primordia,
714 1979 749 2013 ὃς
773 1977 818 2013 ab
839 1975 1097 2025 experimentis
1113 1987 1272 2024 operum
1302 1977 1337 2011 ὅ(
1362 1974 1534 2012 sensuum
1573 1974 1687 2024 (hanc

80 2033 184 2068 enim
213 2029 251 2068 in
276 2032 552 2081 particularibus
575 2030 697 2068 iniistis
726 2032 909 2081 probandi
936 2030 1045 2078 viam)
1085 2030 1261 2079 colligere
1289 2030 1394 2081 quod
1423 2031 1462 2066 in
1492 2030 1687 2067 intellectu

20 2127 23 2135 Ι
80 2086 303 2125 efformetur
326 2088 364 2123 in
383 2089 584 2124 notionem
600 2089 827 2136 generalem,
859 2099 900 2123 ex
916 2086 1115 2123 decantato
1130 2085 1197 2122 illo
1225 2086 1321 2137 apud
1337 2097 1470 2122 omncs
1486 2084 1614 2130 effato,
1644 2085 1687 2121 in

78 2139 280 2180 intellecffu
295 2139 400 2179 nihil
410 2139 491 2192 effe,
521 2139 624 2194 qnod
634 2153 707 2178 non
717 2139 970 2193 prinsflrerit
979 2140 1152 2193 infinstt.
1210 2142 1347 2189 Neque
1365 2138 1685 2178 verisimilitudine

80 2197 216 2244 azreat,
242 2198 459 2246 poss‘enobis
480 2198 637 2244 evenire,
667 2207 709 2234 ut
731 2196 754 2234 fi
780 2198 874 2234 ratio
893 2195 1282 2243 ineatureruditionis,
1314 2208 1403 2233 cum
1430 2193 1591 2231 finienda
1615 2193 1684 2231 erit

81 2250 288 2290 Platonici
312 2253 617 2299 annirevolutio,
647 2253 762 2301 longe
790 2265 831 2289 ea
852 2253 946 2289 infra
963 2251 1066 2297 istud,
1101 2263 1179 2299 quo
1196 2263 1298 2287 nunc
1313 2250 1491 2296 censetur,
1519 2250 1685 2300 pretium

80 2307 276 2344 decreviss'e
303 2308 420 2346 videri
458 2304 583 2360 pollit.
640 2308 755 2359 Quod
788 2306 998 2344 doctrinam
1032 2306 1142 2342 nobis
1170 2305 1327 2354 spondes
1363 2304 1684 2350 excellentiorem,
1711 2354 1716 2360 .

80 2374 194 2411 quam
214 2362 328 2400 hodie
356 2365 541 2400 internos
556 2361 666 2411 viget,
695 2363 740 2399 ab
769 2359 1027 2414 experimentis
1053 2362 1265 2412 petendam,
1295 2358 1320 2396 fi
1349 2361 1503 2396 latentes
1530 2364 1707 2396 naturac‘

79 2416 176 2465 finus
189 2428 396 2467 pertentare
423 2421 458 2455 ἃ
487 2417 626 2470 aperire
655 2418 796 2463 liberet,
825 2415 977 2454 stabilita
1001 2417 1040 2452 in
1056 2414 1333 2467 particularibus
1348 2414 1432 2460 fide,
1465 2424 1547 2450 non
1560 2412 1678 2463 magis

79 2473 228 2510 adrem
254 2473 354 2519 facit,
391 2486 504 2522 quam
527 2472 552 2510 fi
580 2485 627 2509 eo
656 2471 798 2519 incites,
832 2484 910 2524 quo
939 2470 1114 2507 naturalis
1142 2470 1340 2507 hominem
1366 2467 1555 2506 instinctus
1588 2468 1681 2518 rapit

77 2526 155 2568 fine
169 2527 330 2565 admotis
357 2527 513 2566 exterius
542 2527 828 2565 hortationibus.
885 2529 1022 2574 Neque
1042 2527 1144 2562 enim
1159 2525 1260 2562 aliud
1280 2524 1417 2574 patitur
1432 2525 1539 2570 ratio,
1568 2536 1682 2574 quam

78 2593 121 2620 ut
145 2583 291 2620 infinita
309 2581 379 2620 fint
409 2578 579 2620 membra
605 2583 644 2619 in
664 2582 839 2620 omnibus
861 2583 996 2618 mundi
1027 2579 1186 2630 partibus
1214 2580 1353 2631 (neque
1372 2581 1476 2616 enim
1506 2579 1566 2616 hic
1581 2581 1682 2628 cogi-

78 2637 240 2676 tationes
267 2638 410 2675 nostrae
435 2641 532 2675 intra
554 2633 731 2689 Europae
761 2636 943 2675 terminos
971 2635 1200 2673 cohibendae
1230 2634 1328 2682 sunt)
1356 2646 1451 2686 quae
1474 2635 1574 2672 viam
1603 2632 1684 2670 inli-

78 2692 177 2730 stunt
207 2705 286 2742 quo
300 2692 462 2742 digitum
490 2693 661 2738 intendis,
691 2703 769 2730 tarn
794 2694 868 2730 aeri
886 2696 921 2728 ὅ(
947 2690 1088 2728 solicita
1108 2689 1300 2740 diligentia
1328 2700 1369 2727 ut
1397 2687 1513 2739 magis
1535 2688 1682 2726 intendi

78 2745 239 2796 nequeat
261 2747 442 2786 industria.
499 2747 688 2785 Omnibus
708 2749 811 2785 enim
831 2745 936 2784 inlita
958 2746 1007 2783 est
1032 2745 1168 2782 sciendi
1191 2745 1382 2794 cupiditas,
1406 2757 1487 2782 non
1510 2743 1560 2781 ita
1588 2744 1681 2780 exsa-

79 2803 217 2850 tianda,
245 2802 334 2855 quin
345 2803 549 2841 exardescat
565 2803 832 2849 vehementius,
861 2813 903 2839 ut
926 2801 1090 2852 hydrops
1117 2798 1180 2837 fibi
1198 2801 1397 2849 indulgens
1412 2799 1550 2837 crescit.
1608 2798 1680 2835 Sed

80 2859 281 2906 quomodo
302 2871 407 2896 aures
435 2857 664 2910 praebituros
696 2857 913 2909 persuadere
942 2857 1097 2906 paranti,
1134 2856 1350 2893 evertendas
1375 2854 1520 2905 prorsus
1548 2852 1680 2903 quibus

79 2911 196 2950 solide
211 2912 414 2951 constitutis
436 2914 626 2951 inhaerent
645 2913 842 2950 sententias
859 2914 892 2948 ὅ(
910 2909 1107 2949 universim
1127 2909 1276 2947 admista
1304 2909 1480 2964 theorica,
1509 2918 1586 2944 tam
1607 2906 1678 2943 suis

79 2980 195 3017 quam
222 2964 407 3011 maiorum
436 2970 698 3018 experimentis
727 2966 1018 3019 superexstructa,
1048 2978 1128 3003 non
1143 2965 1253 3003 video
1281 2964 1412 3002 adferri
1428 2975 1505 3012 quo
1524 2961 1679 2998 inducar

79 3034 121 3060 ut
136 3022 295 3060 credam.
351 3025 472 3061 Porro
491 3023 639 3061 ass'crere
655 3021 748 3060 mihi
764 3024 850 3059 licet
871 3033 952 3058 non
967 3022 1094 3068 invita,
1122 3032 1162 3058 ut
1177 3020 1326 3070 opinor,
1355 3016 1624 3071 probabilitate,
1654 3013 1680 3053 fi

79 3077 206 3116 tacitas
233 3080 330 3116 intra
352 3077 596 3128 cogitationes
614 3078 659 3115 ad
688 3089 843 3115 examen
872 3086 1079 3123 revocetur,
1107 3087 1291 3124 quantum
1311 3075 1512 3112 exuberent
1528 3080 1679 3108 naturae

77 3134 312 3172 documenta
340 3133 405 3171 usu
434 3144 625 3184 comperta
648 3143 878 3184 pectorum,
907 3144 978 3183 qua
998 3131 1229 3181 expanditur,
1258 3127 1484 3174 universum,
1512 3127 1679 3175 quinque

151 3186 156 3191 ⁵
250 3197 266 3224 1
665 3208 667 3210 ·
1619 3189 1683 3215 aur.

1787 226 1892 296 >285
