1973 3570
89 259 184 305 300

273 234 797 285 DESCRIPTIO
843 233 1066 278 GLOBI
1104 231 1784 277 INTELLECTUAL.

262 338 440 373 dicemus,
498 336 599 371 Haec
631 334 736 369 enim
767 342 860 378 quae
893 328 1061 375 diximus,
1091 329 1283 376 pertinent
1315 337 1465 364 tantum
1493 328 1537 364 ad
1564 328 1794 375 quaestiones
1815 329 1863 366 de

261 404 359 428 nexu
375 388 581 439 systematis.
643 385 808 435 Superest
828 383 958 432 quinta
984 382 1147 432 quaestio
1177 383 1223 419 dc
1247 384 1500 419 collocatione
1516 385 1678 431 partium
1696 383 1861 431 systema-

259 448 318 492 tis,
342 444 412 483 five
432 445 478 481 dc
495 443 629 480 ordine
652 441 863 478 coelorum.
894 477 896 481 ,
924 440 1053 489 Atque
1078 438 1168 474 dat-0
1197 438 1300 486 quod
1324 450 1405 473 non
1430 435 1471 473 sit
1501 437 1662 485 iystema,
1688 437 1748 474 sed
1771 439 1863 487 spar-

259 511 400 550 guntur
416 499 533 549 globi,
557 508 619 534 aut
638 497 728 534 dato
744 495 847 544 quod
876 491 917 530 sit
944 493 1108 542 systema,
1136 493 1239 537 cujus
1260 491 1300 529 stt
1329 502 1501 528 centrum
1521 491 1596 532 sol;
1639 504 1701 529 aut
1725 491 1864 529 etiamsi

259 557 408 593 videant
425 553 630 590 astronomi
652 552 698 588 dc
721 550 849 598 aliquo
865 561 968 586 novo
994 547 1196 596 systemate,
1214 558 1342 584 tamen
1364 557 1492 582 manet
1512 545 1639 594 utiquc
1659 546 1862 595 inquisitio,

259 612 343 658 quis
358 611 504 661 planeta
519 609 564 644 ad
583 606 697 644 alium
714 607 900 654 planetam
929 602 970 640 sit
994 601 1110 652 magis
1130 603 1363 651 propinquus
1396 611 1458 638 aut
1479 612 1647 638 remotus
1664 616 1674 642 3
1713 601 1750 637 δε
1771 601 1867 639 simi-

262 667 346 702 liter
366 665 431 712 qui
446 665 594 714 planeta
609 662 726 710 magis
741 670 799 697 aut
818 661 943 695 minus
963 659 1160 706 elongetur
1175 669 1194 693 a
1210 668 1306 693 terra
1319 667 1379 693 aut
1405 654 1516 693 etiam
1532 669 1551 692 a
1574 655 1661 692 tole.
1709 658 1823 708 Qod
1841 655 1866 693 fi

263 719 455 768 recipiatur
472 716 622 766 systema
638 726 821 760 veterum,
844 725 923 749 non
939 713 1085 750 videtur
1106 712 1209 748 causa
1226 724 1291 748 cur
1307 723 1537 760 magnopere
1555 709 1731 748 infitiatur
1746 713 1867 760 inqui-

261 774 386 812 fitioni
407 784 525 810 novae
541 772 587 807 dc
602 779 761 820 quatuor
779 767 891 804 coelis
909 767 1158 816 superioribus
1173 766 1358 803 stellarum
1375 767 1529 803 rixarum
1545 765 1680 802 scilicet
1692 763 1867 813 Saturni,

263 828 393 880 Jovis
409 830 445 864 &
462 824 625 864 Martis.
683 826 787 861 Nam
807 823 853 858 de
870 833 1002 858 eorum
1020 819 1182 872 positura
1199 832 1309 871 atque
1325 820 1458 857 ordine
1479 823 1514 857 δε
1531 820 1762 858 saeculorum
1778 833 1868 858 con-

264 883 386 920 sensus
408 881 651 930 suffragaturs
680 890 750 915 nec
765 877 1066 928 phaenomenon
1082 876 1203 911 ullum
1220 875 1443 916 adversatum
1473 886 1582 923 atquc
1604 877 1768 913 rationes
1786 887 1869 913 mo—

264 949 375 975 tuum
401 936 519 985 (unde
534 934 691 971 sumitur
713 933 759 968 dc
773 930 1031 968 altitudinibus
1058 930 1258 966 coelorum
1286 931 1480 981 praecipua
1504 929 1695 980 probatio)
1722 943 1869 967 accom-

265 993 441 1029 modatae
462 990 561 1035 sunt,
583 991 619 1025 ὃς
639 987 825 1036 nusquam
840 986 1002 1023 turbant.
1060 986 1207 1023 Verum
1223 984 1375 1032 desole,
1407 985 1553 1023 Venere
1569 988 1604 1022 ὅ(
1620 983 1816 1023 [Uer-curio
1833 988 1871 1023 ὃς

264 1049 353 1085 luna
367 1044 479 1082 etiam
498 1044 702 1081 secundum
723 1040 876 1091 systema
894 1051 1066 1079 veterum
1080 1038 1291 1077 dubitatum
1308 1040 1355 1076 cst
1371 1041 1416 1077 ab
1432 1039 1593 1087 antiquis
1608 1054 1618 1081 3
1648 1050 1758 1091 atque
1773 1041 1870 1093 apud

266 1100 501 1139 recentiores
517 1111 670 1147 quoquc
686 1098 732 1134 de
752 1097 897 1135 Venere
911 1098 948 1133 ὃ(
963 1092 1161 1133 Mercurio
1177 1094 1387 1144 ambigitur,
1404 1105 1487 1131 uter
1515 1096 1663 1144 planeta
1687 1093 1727 1132 sit
1750 1097 1875 1132 altero·

267 1155 443 1206 superior.
502 1156 606 1193 Nam
629 1166 700 1205 pro
718 1152 862 1190 Venere
883 1161 923 1188 ut
940 1148 980 1187 sit
1002 1150 1183 1201 superior,
1203 1150 1268 1186 stat
1285 1150 1347 1186 illa
1366 1148 1474 1196 ratio,
1492 1152 1595 1201 quod
1616 1150 1754 1187 tardius
1774 1163 1872 1188 non—

268 1213 364 1248 nihil
384 1220 526 1256 movet,
551 1211 586 1245 ὃς
603 1220 673 1260 pto
694 1205 891 1245 Mercurio
906 1206 1011 1254 quod
1026 1205 1196 1253 alligatur
1211 1205 1256 1241 ad
1272 1204 1479 1241 distantiam
1503 1207 1725 1256 propiorem
1740 1218 1759 1241 a
1781 1205 1872 1253 tole,

270 1267 371 1304 unde
406 1266 489 1314 quis
522 1264 647 1301 afferat
671 1263 807 1299 debere
832 1273 919 1298 eum
942 1261 1114 1310 proxime
1148 1259 1193 1295 ad
1218 1258 1337 1296 solem
1353 1259 1543 1296 collocari.
1600 1261 1660 1298 De
1676 1261 1766 1297 luna
1780 1273 1873 1297 vero

269 1333 387 1358 nemo
407 1331 575 1367 unquam
598 1318 793 1363 dubitavit,
809 1317 902 1365 quin
917 1316 1041 1352 locata
1056 1312 1096 1351 fit
1113 1315 1286 1365 proxime
1300 1314 1346 1351 ad
1362 1325 1510 1361 terram,
1528 1313 1613 1352 licet
1628 1317 1810 1352 variatum
1830 1313 1872 1352 sit

270 1376 318 1413 de
332 1375 697 1428 appropinquatione
713 1373 791 1418 ejus
804 1371 850 1408 ad
870 1370 1002 1408 solem.
1058 1371 1197 1417 Neque
1213 1368 1309 1406 serio
1325 1370 1650 1418 contemplantem
1666 1370 1795 1419 fugere
1813 1371 1875 1407 de-

271 1431 334 1467 bet
349 1430 446 1467 aliud
461 1441 577 1479 genus
592 1426 822 1477 quaestionis,
838 1424 1027 1475 pertinens
1055 1424 1100 1459 ad
1126 1421 1436 1460 constitutionem
1457 1422 1655 1472 systematis
1673 1437 1682 1465 3
1710 1425 1798 1462 haec
1813 1425 1875 1474 est,

273 1496 401 1523 utrum
422 1487 570 1533 planeta
588 1485 681 1519 alter
707 1483 867 1518 alterum
887 1491 952 1530 per
966 1480 1065 1517 vices
1088 1477 1379 1527 supergrediatur
1398 1479 1629 1526 quandoque
1652 1482 1690 1516 δε
1709 1480 1877 1531 quando-

270 1551 346 1588 que
360 1539 479 1577 rursus
499 1538 637 1584 subeat,
651 1536 688 1573 id
701 1535 805 1587 quod
816 1535 863 1572 de
877 1533 1023 1572 Venere
1034 1545 1099 1585 per
1108 1532 1448 1571 demonstrationes
1462 1533 1637 1582 quasdam
1653 1546 1735 1572 non
1751 1535 1876 1572 indili-

271 1604 402 1644 gentes
415 1592 535 1631 evinci
552 1591 708 1638 videtur,
718 1601 758 1628 ut
766 1591 829 1627 illa
839 1589 1043 1637 aliquando
1057 1586 1267 1625 inveniatur
1283 1587 1388 1638 super
1404 1588 1523 1625 solem
1532 1590 1664 1636 locata,
1675 1587 1878 1638 aliquando

272 1650 405 1687 subter.
460 1647 592 1696 Atque
608 1645 772 1684 omnino
786 1645 884 1682 reste
897 1645 1098 1693 quaeritur,
1113 1653 1244 1680 utrum
1260 1655 1467 1693 apogaeum
1481 1643 1692 1682 humilioris
1705 1645 1876 1696 planctae

271 1705 488 1754 perigaeum
504 1703 701 1754 superioris
715 1713 797 1739 non
812 1700 921 1746 secet,
943 1698 1093 1747 ejusque
1108 1697 1200 1735 fines
1219 1698 1412 1736 subintret.
1469 1699 1593 1737 Restat
1613 1699 1744 1737 ultima
1767 1713 1877 1748 quae-

272 1758 340 1797 stio
359 1759 406 1796 de
425 1759 682 1795 collocatione
696 1757 860 1808 partium
883 1752 1094 1803 systematis,
1120 1754 1195 1791 hoc
1219 1754 1279 1801 est,
1304 1764 1430 1790 utrum
1450 1751 1520 1791 fint
1539 1755 1646 1803 plura
1674 1757 1711 1792 &
1738 1755 1878 1794 diversa

273 1824 402 1851 centra
422 1812 461 1850 in
481 1812 682 1862 systemate,
699 1814 734 1849 ὃς
750 1812 874 1861 plures
888 1819 1067 1857 tanquam
1086 1809 1256 1856 choreae,
1288 1821 1376 1846 cum
1403 1808 1616 1858 praesertim
1644 1822 1726 1847 non
1754 1810 1880 1849 solum

273 1879 368 1906 terra
383 1870 495 1920 primi
515 1868 682 1914 mobilis,
698 1866 755 1904 sol
775 1866 836 1915 (ex
853 1862 1035 1902 sententia
1050 1859 1258 1914 Tychonis)
1275 1863 1425 1903 secundi
1444 1863 1607 1913 mobilis,
1622 1877 1752 1902 verum
1763 1867 1879 1904 etiam

274 1921 443 1975 Jupiter
463 1925 660 1960 minorum
676 1924 713 1959 &
732 1931 965 1971 nuperorum
980 1918 1134 1956 illorum
1149 1931 1323 1957 errorum
1338 1931 1381 1956 ex
1402 1917 1579 1957 Galilaeo
1599 1930 1774 1958 centrum
1788 1933 1878 1964 con-

274 1978 455 2017 stituatur.
506 1978 637 2026 Atque
652 1977 721 2014 hae
736 1977 820 2014 sunt
840 1973 1069 2024 quaestiones
1083 1976 1169 2012 illae
1185 1973 1363 2023 quinque,
1389 1987 1482 2026 quae
1504 1975 1550 2012 de
1579 1975 1771 2024 systemate
1795 1976 1879 2026 ipso

273 2033 547 2085 proponendae
560 2033 746 2079 videntur,
768 2044 816 2069 an
840 2029 882 2067 fit
911 2028 1083 2068 videlicet
1113 2030 1277 2080 systema,
1296 2033 1332 2066 ὅ(
1347 2030 1451 2081 quod
1476 2027 1518 2067 fit
1537 2041 1710 2069 centrum
1731 2032 1820 2079 ejus,
1841 2034 1879 2070 ὃς

274 2099 414 2137 quanta
428 2087 673 2139 profunditas,
689 2090 726 2124 ὅ(
741 2087 858 2136 qualis
873 2097 988 2122 nexus
1008 2084 1096 2133 ejus,
1113 2089 1149 2123 ὅ(
1164 2087 1247 2135 quis
1262 2085 1360 2122 ordo
1384 2086 1425 2122 in
1439 2085 1691 2123 collocatione
1700 2088 1878 2136 partium.

276 2145 338 2181 Dc
359 2142 505 2181 extimis
517 2155 608 2180 vcro
625 2144 735 2189 coeli,
765 2144 802 2179 ὅ(
818 2142 928 2178 coelo
942 2141 1072 2188 aliquo
1088 2153 1269 2192 empyreo
1286 2136 1427 2192 Thefts
1450 2150 1513 2178 aut
1542 2139 1772 2189 quaestiones
1795 2154 1880 2181 non

275 2198 508 2236 conficimus.
565 2200 702 2245 Neque
719 2199 823 2234 enim
838 2196 988 2233 istarum
1006 2207 1132 2234 rerum
1152 2196 1201 2234 est
1215 2194 1377 2243 historia,
1396 2206 1458 2233 aut
1474 2206 1570 2233 extat
1584 2196 1880 2245 phaenomenon

280 2255 414 2292 ullum.
470 2255 598 2304 Itaque
619 2265 712 2301 quae
732 2253 780 2289 de
799 2253 844 2288 iis
866 2249 946 2288 sciri
973 2250 1136 2302 possunt,
1160 2265 1202 2289 ea
1224 2264 1290 2303 per
1318 2250 1627 2289 consecutionem
1651 2261 1813 2300 tantum,
1838 2264 1881 2290 ac

279 2310 495 2347 nullatenus
510 2321 574 2359 per
589 2307 851 2346 inductionem
881 2306 965 2343 sciri
988 2306 1149 2355 pofl'unt.
1205 2308 1287 2344 Erit
1316 2308 1431 2355 igitur
1459 2305 1537 2345 talis
1566 2305 1819 2354 inquisitionis
1845 2308 1881 2345 δε

279 2376 427 2416 tempus
445 2375 671 2413 congruum,
702 2365 739 2400 ὅ(
751 2361 847 2400 ratio
863 2364 898 2398 ὅ(
914 2371 1042 2398 motus
1062 2362 1226 2412 quidam.
1283 2363 1344 2399 De
1362 2359 1476 2397 coelis
1500 2373 1591 2398 vero
1612 2364 1648 2398 ὅ(
1663 2361 1786 2411 spatiis
1810 2363 1882 2399 im-

280 2420 495 2464 materiatis,
519 2417 697 2468 religioni
719 2416 883 2455 omnino
897 2416 1068 2454 standum
1085 2420 1121 2455 &
1141 2417 1451 2467 permittendum.
1508 2417 1615 2468 Quae
1630 2415 1732 2454 enim
1749 2429 1769 2454 a
1783 2414 1881 2454 Pla-

281 2474 423 2512 tonicis
447 2476 484 2510 δε
498 2486 616 2524 nuper
635 2486 655 2511 a
671 2471 854 2511 Patritio
874 2473 933 2523 (ut
947 2470 1151 2510 diviniores
1170 2470 1305 2509 scilieet
1335 2471 1541 2508 habeantur
1569 2473 1609 2508 in
1623 2469 1878 2521 philosophia)

280 2528 454 2566 dicuntur
471 2541 550 2566 non
566 2527 641 2565 fine
655 2527 910 2578 superstitione
924 2526 1124 2574 manifesta,
1139 2529 1176 2565 ὃς
1198 2525 1378 2573 jactantia,
1403 2528 1440 2563 δε
1454 2524 1553 2573 quast
1578 2536 1707 2563 mente
1722 2527 1881 2574 turbata,

280 2582 445 2630 denique
460 2584 547 2621 ausu
559 2583 694 2629 nimio,
710 2583 832 2621 fructu
847 2582 968 2628 nullo,
988 2579 1120 2619 similia
1151 2579 1354 2621 Valentini
1379 2580 1551 2618 iconibus
1570 2583 1606 2618 ὅ(
1626 2579 1780 2618 somniis
1789 2599 1804 2624 ‚-
1839 2593 1881 2619 ea

282 2650 352 2676 nos
367 2649 436 2686 pro
449 2639 555 2676 rebus
569 2637 853 2685 commentum,
869 2640 906 2676 ὅ(
925 2636 1065 2675 levibus
1079 2637 1271 2675 habemus
1329 2637 1454 2675 Nullo
1468 2636 1590 2674 modo
1604 2637 1710 2673 enim
1725 2635 1881 2673 ferenda

282 2693 332 2730 est
352 2692 495 2729 moriae
519 2692 737 2743 apotheosis,
757 2703 936 2741 tanquam
952 2690 1070 2731 Divi
1083 2689 1241 2730 Claudii
1257 2705 1268 2728 .-
1296 2692 1403 2744 Qun
1416 2687 1622 2744 pessimum
1646 2690 1695 2728 cst
1720 2692 1756 2728 ὅ(
1769 2687 1882 2742 plane

283 2746 387 2802 pestis
410 2748 447 2783 &
467 2747 567 2785 tabes
582 2750 805 2796 intencstuS,
830 2747 855 2786 fi
875 2748 977 2786 vanis
992 2748 1143 2786 accedat
1158 2748 1360 2786 veneratio.

1710 3062 1885 3110 §AR
