1973 3570
142 230 244 276 DE
300 227 1139 278 INTERPRETATIONE
1194 232 1617 286 NATURAE.

72 333 247 382 pendere,
284 329 343 368 scd
365 329 468 367 mole
487 327 576 365 stare
597 327 670 374 sua,
706 339 829 375 neque
849 328 1002 365 aliunde
1021 329 1182 378 probari.
1239 329 1371 366 Multo
1390 334 1509 380 magis
1532 338 1672 376 necesse

71 388 121 425 est
140 399 194 428 ea,
231 397 323 434 quae
344 397 386 421 ex
407 395 489 420 vcra
514 383 742 420 inductionis
762 383 884 419 forma
900 385 1106 421 excitantur
1128 385 1325 430 axiomata,
1355 385 1425 422 esl‘e
1440 386 1558 439 seipsis
1582 403 1670 429 con-

72 453 187 487 tenta,
224 451 333 489 atque
363 436 442 488 ipsis
469 439 673 490 principiis,
709 449 803 486 quae
829 448 1024 483 vocantur,
1061 440 1221 478 certiora
1245 441 1282 476 ὃς
1306 439 1484 478 firmiora.
1539 444 1670 493 Atque

70 500 145 534 hoc
169 491 285 546 ge'nus
311 494 538 530 inductionis
563 493 657 530 illud
682 493 742 538 est,
780 493 883 540 quod
909 495 1229 542 interpretationis
1252 495 1459 532 formulam
1484 500 1668 549 appellare

70 551 341 589 consuevimus.
396 550 523 596 ltaque
548 559 635 598 prae
661 548 839 584 omnibus
863 547 1074 584 dostrinam
1099 548 1146 585 de
1172 549 1443 587 constitutione
1472 555 1666 592 axiomatis

71 607 234 644 formula
249 603 518 652 interpretandi
533 601 731 651 diligenter
747 604 783 639 &
798 602 987 653 perspicue
1002 604 1302 655 complectimur.
1360 604 1511 643 Restant
1526 618 1667 655 tamen,

18 693 23 696 .
69 673 164 710 quae
189 661 274 697 huic
295 661 347 695 rei
369 658 529 695 serviunt
551 658 634 703 tria,
670 658 824 693 maximi
845 659 1010 694 omnino
1031 660 1232 704 momenti,
1268 657 1343 696 fine
1363 672 1528 708 quorum
1555 665 1667 712 expli-

69 717 233 761 catione,
272 712 521 762 inquisitionis
549 711 647 749 istius
673 710 954 762 praescriptum,
995 713 1084 750 licet
1111 713 1290 764 potestate
1317 715 1496 762 validum,
1538 727 1667 758 tamen

69 770 136 810 usu
158 768 357 820 operosum
382 767 520 804 censeri
545 763 669 816 pollit.
725 767 776 803 Ea
800 766 896 813 sunt,
925 765 1177 818 inquisitionis
1200 767 1307 821 ipsius
1326 769 1576 820 continuatio,
1607 786 1665 811 va-

69 824 179 862 riatio
201 826 242 861 &tc
259 822 489 862 conti-actim
525 832 566 859 ut
590 822 686 858 nihil
709 823 749 858 in
773 833 850 858 arte
874 832 937 859 aut
961 823 1174 872 abruptum,
1209 833 1272 861 aut
1298 824 1565 874 incongruum,
1602 840 1666 866 aut

67 891 139 933 pto
165 881 347 917 hnmanae
372 879 466 914 vitae
493 877 673 914 brevitate
700 878 860 926 longum
887 878 1127 925 relinquatur.
1184 879 1416 917 Docebimus
1441 882 1565 930 itaque
1590 885 1664 934 pri-

62 936 136 972 ‘mo
155 934 262 972 usum
283 935 512 970 axiomatum
535 932 622 978 (iam
645 943 710 980 per
733 931 937 969 formulam
957 931 1213 980 inventorum)
1240 934 1282 970 ad
1310 935 1379 971 alia
1399 937 1583 974 axiomata
1606 940 1662 975 in-

67 989 250 1038 quirenda
273 991 310 1026 &
333 988 537 1033 excitanda,
566 998 659 1035 quac
683 986 869 1036 superiora
890 989 926 1023 ὅ(
941 986 1056 1035 magis
1079 989 1265 1037 generalia
1286 986 1378 1025 sint:
1407 1000 1449 1028 ut
1466 1003 1532 1042 per
1555 1005 1663 1030 veros

68 1047 106 1082 ὅ(
120 1044 301 1092 nusquam
323 1041 548 1080 intermissos
570 1042 702 1091 gradus
717 1041 831 1079 scalae
854 1040 1117 1087 adscensoriac,
1145 1043 1190 1079 ad
1206 1042 1387 1081 unitatem
1408 1055 1560 1083 naturae
1582 1060 1663 1099 per-

65 1101 247 1137 veniatur.
302 1100 344 1135 In
360 1110 438 1145 quo
461 1108 587 1134 tamen
603 1097 819 1141 adjiciemus
838 1096 1011 1141 modum,
1041 1097 1170 1134 eadem
1186 1100 1371 1135 axiomata
1395 1099 1581 1151 superiora
1594 1115 1663 1154 per

66 1155 311 1203 experientias
339 1154 475 1202 primas
495 1152 729 1188 examinandi
753 1153 790 1188 &
810 1151 1037 1197 verificandi,
1078 1163 1126 1188 ne
1152 1151 1274 1190 rursus
1297 1154 1343 1189 ad
1367 1155 1599 1200 conjedhiras
1623 1160 1662 1196 ὃς

36 1250 37 1253 ¹
66 1209 285 1258 probabilia,
313 1220 423 1255 atque
445 1207 545 1242 idola
567 1206 818 1254 prolabamur.
873 1206 1004 1253 Atque
1019 1205 1109 1243 hacc
1131 1206 1180 1244 cst
1194 1219 1235 1244 ea
1257 1207 1440 1255 docC'rrina,
1470 1222 1583 1257 quam
1606 1214 1662 1248 in-

65 1262 273 1312 quisitionis
286 1263 613 1300 continuationem
625 1262 864 1309 appellamus.
914 1262 1084 1298 Variatio
1096 1271 1219 1298 autem
1236 1260 1486 1310 inquisitionis
1498 1263 1664 1314 sequitur

65 1329 238 1356 naturam
259 1316 452 1362 diversam,
481 1325 542 1352 aut
568 1316 770 1361 causarum,
807 1327 964 1364 quarum
989 1317 1105 1364 gratia
1128 1314 1320 1365 inquisitio
1338 1316 1561 1360 instituitur3
1599 1332 1663 1358 aut

65 1385 190 1410 rerum
206 1372 378 1421 ipsarum,
407 1369 477 1408 five
494 1369 754 1417 subje&orum,
783 1373 824 1407 in
844 1371 978 1418 quibus
993 1368 1183 1419 inquisitio
1202 1372 1374 1410 versatur.
1431 1374 1558 1422 Itaque
1578 1376 1664 1414 mis-

58 1427 108 1466 ifis
127 1425 238 1465 causis
252 1427 434 1472 finalibus,
464 1437 557 1473 quae
580 1428 787 1462 naturalem
803 1425 1077 1477 philosophiam
1093 1426 1242 1477 prorsus
1265 1439 1525 1479 coi-ruperunt,
1554 1431 1663 1468 initia

65 1483 255 1521 sumemus
281 1482 327 1518 ab
356 1479 596 1529 inquisitione
624 1482 761 1517 variata
791 1478 861 1517 sive
890 1482 1176 1518 accommodata
1208 1482 1438 1523 formarumg
1481 1496 1575 1532 quae
1604 1498 1662 1523 res

64 1550 135 1588 pro
147 1537 333 1588 desperata
346 1536 418 1573 huc
432 1536 546 1584 usquc
559 1536 697 1580 abjecta
712 1534 772 1582 cst,
802 1536 914 1583 idque
929 1534 1076 1572 merito.
1127 1537 1265 1584 Neque
1280 1539 1385 1574 enim
1397 1539 1464 1575 ulli
1480 1540 1662 1578 obvenire

19 1608 24 1612 ·
64 1589 178 1643 poffit
199 1602 304 1630 tanta
327 1592 481 1629 facultas
505 1600 566 1627 aut
585 1590 754 1637 felicitas,
792 1601 832 1627 ut
856 1602 899 1627 cx
919 1589 1248 1642 anticipationibus
1272 1594 1309 1629 ὃς
1336 1592 1536 1630 dialefflcis
1556 1606 1661 1645 argu-

63 1648 361 1686 mentationibus
384 1646 536 1691 alicujus
556 1647 608 1682 rei
623 1646 787 1682 formam
811 1655 925 1682 cruat.
983 1646 1194 1694 Sequentur
1215 1645 1471 1695 inquisitiones
1490 1652 1662 1687 materia-

62 1715 150 1741 rum
173 1705 210 1740 ὃ(
229 1698 485 1739 efficientium.
544 1701 647 1737 Cum
669 1710 795 1737 autem
815 1697 1013 1737 efficientia
1037 1704 1073 1738 ὃς
1097 1700 1266 1738 materias
1285 1703 1456 1749 dicimuS,
1485 1715 1566 1740 non
1583 1702 1660 1742 effi-

64 1760 200 1795 cientia
221 1767 378 1803 remota,
407 1767 468 1793 aut
489 1756 659 1792 materias
679 1767 902 1792 communes
923 1755 1059 1803 (qualia
1075 1756 1113 1792 in
1134 1755 1446 1805 disputationibus
1461 1760 1659 1808 agitantur)

63 1813 124 1851 scd
148 1809 349 1850 efficientia
370 1813 556 1863 propiora,
586 1813 622 1847 δε
645 1812 816 1847 materias
829 1821 1055 1859 praeparatas
1076 1809 1331 1860 intelligimus.
1390 1812 1431 1849 Id
1450 1824 1498 1849 ne
1522 1813 1662 1865 saepius

63 1868 266 1906 subtilitate
281 1865 404 1903 inutili
425 1876 618 1915 repetatur,
648 1865 1075 1903 inventionemlatentis
1093 1867 1278 1916 processus
1295 1867 1538 1905 subtexemus,
1594 1870 1661 1906 La-

63 1933 210 1959 tentem
225 1931 351 1959 autem
370 1921 577 1970 processum
591 1921 817 1969 appellamus
834 1920 965 1957 seriem
986 1923 1023 1958 &
1038 1919 1210 1958 ordinem
1227 1921 1467 1962 mutationis3
1496 1935 1577 1960 rem
1594 1923 1660 1960 sei-

62 1979 150 2017 licet
169 1989 212 2014 ex
227 1973 420 2014 efficientis
436 1978 596 2013 motu&
612 1976 785 2012 materiae
801 1976 901 2012 fluxu
921 1976 1133 2013 conflatam.
1189 1978 1295 2029 Qac
1310 1987 1435 2015 autem
1455 1977 1662 2016 secundum

61 2032 221 2077 subjecta
240 2031 280 2068 fit
302 2029 550 2079 inquisitionis
573 2032 739 2076 variatio,
768 2043 810 2068 ex
833 2030 973 2068 duabus
989 2043 1115 2068 rerum
1137 2033 1423 2069 conditionibus
1446 2042 1576 2069 ortum
1599 2033 1661 2071 ha·

63 2088 157 2128 ben:
181 2097 246 2124 aut
265 2098 307 2123 cx
330 2097 459 2122 natura
478 2083 650 2135 simplicis
670 2088 706 2122 ὃ(
729 2083 927 2137 compositi
952 2085 1034 2133 (alia
1057 2088 1161 2123 enim
1181 2088 1490 2125 accommodatur
1511 2086 1658 2136 inquisi-

61 2143 120 2185 tio
138 2141 183 2178 ad
203 2154 260 2179 res
273 2139 466 2189 simplices,
496 2142 565 2177 alia
580 2140 624 2177 ad
644 2139 866 2192 compositas
886 2143 922 2178 ὅ(
937 2139 1208 2190 decompositas
1228 2145 1265 2180 ὅ(
1279 2143 1467 2194 perplexas
1479 2142 1504 2189 ς)
1535 2153 1598 2179 aut
1615 2155 1660 2180 ex

60 2195 232 2238 historiae
256 2198 363 2245 copia
389 2198 424 2232 ὃ(
451 2195 588 2247 inopia,
627 2207 722 2243 quac
745 2196 789 2232 ad
813 2193 1094 2244 inquisitionem
1116 2198 1365 2245 peragendam
1391 2195 1508 2246 parari
1531 2194 1658 2246 poffit.

62 2251 141 2289 Ubi
159 2253 264 2288 enim
285 2249 435 2288 historia
455 2251 630 2297 abundat,
669 2251 835 2299 expedita
858 2248 908 2287 est
932 2253 1029 2288 ratio
1052 2249 1321 2299 inquisitionis3
1359 2253 1424 2288 ubi
1447 2253 1570 2289 tenuis
1595 2251 1657 2298 est,

60 2309 104 2344 in
125 2307 230 2345 atsto
253 2305 303 2343 est
329 2306 447 2351 labor,
487 2308 522 2342 &
549 2306 750 2355 multifaria
776 2305 950 2342 industria
974 2308 1012 2342 <Sc
1036 2315 1114 2342 arte
1139 2317 1231 2353 opus
1258 2305 1379 2342 habet.
1436 2307 1565 2354 Itaque
1592 2312 1658 2355 per

63 2361 137 2407 ista,
163 2373 258 2409 quae
277 2362 349 2406 jam
370 2361 467 2397 di&a
488 2360 572 2397 sunt
587 2362 749 2405 uastata,
777 2361 1025 2396 variationem
1045 2358 1296 2407 inquisitionis
1310 2358 1449 2397 absolvi
1472 2370 1656 2410 putamus.

61 2415 187 2455 Restat
199 2413 448 2464 inquisitionis
467 2416 689 2461 contractio,
718 2425 758 2452 ut
774 2427 854 2451 non
877 2423 1024 2450 tantum
1040 2415 1081 2450 in
1100 2415 1169 2452 viis
1182 2416 1252 2461 via,
1282 2414 1342 2451 scd
1358 2416 1395 2451 &
1415 2416 1453 2454 in
1470 2413 1534 2452 viis
1555 2427 1658 2452 com-

62 2471 256 2521 pendium,
294 2473 330 2507 &
353 2480 529 2518 tanquam
550 2468 647 2507 linea
669 2470 777 2515 resta,
805 2481 899 2517 quae
921 2481 987 2518 per
1006 2469 1178 2518 ambages
1200 2471 1237 2506 ὃ(
1255 2468 1372 2518 fluxus
1392 2468 1499 2517 secet,
1537 2482 1579 2507 cx
1602 2471 1658 2508 in-

60 2525 167 2565 diciis
189 2524 321 2563 nostris
349 2524 567 2561 innotescat.
622 2526 708 2562 Hoc
731 2535 856 2562 autem
879 2523 1007 2568 (veluti
1034 2526 1071 2560 ὅ(
1089 2525 1216 2560 omnis
1244 2525 1339 2561 ratio
1364 2524 1656 2576 compendiaria)

63 2583 224 2619 maxime
251 2582 292 2618 in
320 2591 444 2615 rerum
473 2579 618 2616 delectu
641 2576 812 2616 consistit.
870 2580 970 2616 Duas
1001 2589 1125 2615 autem
1151 2580 1364 2616 invenimus
1388 2580 1503 2617 veluti
1533 2592 1660 2617 rerum

60 2636 344 2688 praerogativa-5,
380 2646 474 2682 quae
494 2634 538 2670 ad
561 2632 813 2682 inquisitionis
835 2634 1059 2682 compendia
1082 2634 1289 2682 plurimum
1313 2634 1474 2675 faciunt;
1511 2647 1661 2686 praero—

61 2693 224 2740 gativam
261 2687 452 2726 instantiae
485 2691 522 2725 ἃ
554 2691 850 2738 praerogativam
882 2685 1056 2735 inquisiti.
1119 2689 1246 2736 Itaque
1279 2688 1499 2726 docebimus
1532 2691 1661 2739 primo

61 2746 188 2794 quales
209 2743 280 2782 sint
305 2745 388 2781 illae
412 2742 614 2790 instantiae,
650 2742 721 2781 five
744 2744 1006 2794 experimenta,
1043 2755 1137 2791 quae
1162 2743 1207 2779 ad
1229 2742 1548 2781 illuminationem
1572 2756 1659 2795 prae

62 2798 214 2838 caeteris
239 2800 432 2843 excellant,
469 2799 565 2835 adeo
584 2809 624 2836 ut
652 2810 787 2847 paucae
806 2798 906 2835 idem
932 2797 1036 2845 quod
1062 2799 1153 2834 aliae
1179 2798 1301 2846 plures
1326 2798 1516 2848 praestent.
1573 2800 1659 2835 Hoc

63 2857 167 2892 enim
181 2857 221 2892 ὃ(
238 2855 334 2891 moli
349 2851 456 2902 ipsius
475 2852 662 2898 historiae,
692 2855 729 2890 ὅ(
743 2851 972 2890 discurrendi
992 2852 1181 2889 laboribus
1195 2854 1323 2901 parcit.
1379 2853 1527 2890 Deinde
1543 2854 1659 2889 ctiam

62 2909 336 2958 explicabimus,
373 2909 496 2955 qualia
523 2906 592 2944 lint
612 2919 653 2944 ca
678 2905 860 2956 inquisita,
897 2919 917 2943 a
945 2907 1078 2955 quibus
1104 2908 1451 2957 interpretationem
1480 2906 1657 2957 auspicari

61 2973 249 3012 oporteat,
284 2973 415 3011 utpote
434 2974 528 3011 quae
553 2960 810 3011 praedispofita
831 2962 1067 3009 sequentibus
1089 2961 1208 2998 facem
1231 2963 1418 3010 quandam
1443 2961 1658 3013 praeferunt

61 3028 126 3056 aut
145 3018 198 3054 ob
215 3016 428 3065 quuiiitam
448 3017 713 3055 certitudinem
734 3017 774 3054 in
794 3016 840 3061 se,
876 3027 939 3053 aut
963 3016 1015 3052 ob
1029 3017 1200 3053 naturam
1223 3016 1481 3061 universalem,
1519 3025 1581 3052 aut
1605 3016 1658 3052 ob

63 3068 317 3110 neceffitatem
338 3072 384 3109 ad
410 3073 651 3121 probationes
669 3071 911 3108 mechanicas.
967 3071 1096 3119 Atque
1115 3071 1176 3108 hic
1191 3070 1466 3113 ministrationi,
1495 3081 1589 3117 quae
1613 3071 1658 3106 ad

25 3159 27 3162 Α
63 3126 395 3178 contemplativam
409 3137 554 3179 partem
568 3126 714 3177 specht,
752 3126 867 3164 finem
884 3125 1124 3178 imponimus.
1180 3126 1354 3164 Actu-am
1369 3135 1494 3162 autem
1513 3134 1658 3174 partem

115 3183 224 3224 Vqr..
252 3181 296 3217 11.
822 3182 864 3218 li
887 3191 906 3216 2
1619 3188 1660 3213 ac

1713 250 1806 305 agi
