1973 3570
183 164 258 222 IN
305 163 1079 226 FELm-EMMEM’ORMM
1116 163 1637 236 EisizABE‘rr-mr.

105 272 233 330 'cipum
249 277 407 316 consilio
438 279 695 317 ministrorum
718 277 869 316 suorum
895 280 1106 317 crudelitati
1136 282 1173 317 δε
1195 281 1311 332 plebis
1337 282 1454 319 furori
1480 286 1515 320 ὃ(
1537 287 1642 324 omui
1666 289 1713 325 la-

108 337 241 373 nienae
268 337 305 372 6<
328 333 480 371 vastitati
504 335 639 371 relictis
662 337 698 371 &
720 335 799 371 fcrc
818 335 975 381 devotis,
1006 337 1260 373 levamentum
1294 338 1483 375 malorum
1510 340 1554 375 ab
1581 354 1622 378 ea
1654 344 1713 381 da-

107 388 189 427 'tum
219 387 293 430 est3
322 401 386 438 per
416 390 519 437 quod
541 401 596 426 res
618 401 752 426 eorum
777 389 898 426 adhue
920 388 1058 426 stetere.
1116 391 1201 428 Nec
1233 393 1358 428 minus
1387 392 1561 438 confinis,
1599 409 1711 443 quain

106 446 261 490 auxiliis,
293 444 455 481 benefica
475 447 511 481 a&
534 445 696 481 salutaris
713 444 881 493 princeps
912 444 1002 481 fuit:
1033 455 1080 481 ut.
1094 458 1188 493 quae
1212 459 1339 494 regem
1361 444 1640 499 Hffjmniarmae
1656 463 1711 489 to-

105 498 173 537 ties
187 500 232 537 de
248 499 420 536 lenienda
442 501 481 536 in
495 498 658 537 subditos
675 499 758 536 snos
787 501 826 535 in
843 497 978 551 Belgio
994 502 1056 546 ira,
1086 502 1121 536 ὃ(
1148 502 1221 536 illis
1251 501 1317 539 suo
1345 503 1508 553 imperio
1524 505 1712 543 tolerabili

103 554 228 606 aliqua
247 553 470 591 conditione
498 553 727 591 restituendis
757 554 1023 606 interpellavit:
1056 556 1091 591 ὅ(
1113 567 1217 604 reges
1229 554 1385 594 Galliae
1399 560 1586 609 perpetuis
1607 563 1642 597 ὅ(
1658 573 1711 598 re

103 610 230 662 petitis
249 611 407 646 monitis
426 609 473 646 de
492 609 620 646 edistis
640 609 711 646 suis
730 619 858 659 pacem
878 609 1148 659 spondentibus
1176 609 1428 658 observandis,
1455 615 1618 651 maxima
1640 616 1713 654 fide

103 662 314 705 solicitavit.
374 666 468 701 Non
498 666 713 713 negaverim
737 663 896 701 consilio
922 665 1000 710 ejus
1029 665 1228 702 success'um
1255 666 1429 703 defuisse:
1460 672 1583 716 neque
1607 669 1712 708 enim

103 720 205 769 prius
220 719 314 756 illud
330 717 408 756 livit
425 719 544 756 fatum
560 717 739 771 Europae
748 731 975 761 commune3
1005 732 1052 758 ne
1064 721 1164 757 forte
1175 721 1335 758 ambitio
1346 719 1574 774 Iijspaniae,
1596 725 1712 763 veluti

103 775 310 812 carceribus
325 775 489 821 liberata,
517 773 555 812 in
577 777 842 824 regnorum&
859 785 983 812 rerum
1009 775 1243 824 publicarum
1267 777 1371 814 orbis
1388 777 1585 815 Christiani
1601 780 1712 818 detri-

106 840 284 881 mentum
301 829 356 875 (ut
371 839 462 866 tunc
478 842 533 866 res
546 832 663 877 crant)
691 830 726 866 se
745 829 975 868 effunderet:
1006 831 1212 868 liocctiam
1227 832 1405 883 posterius
1432 845 1513 871 non
1538 832 1617 872 fivit
1633 835 1712 873 san-

101 885 184 934 guis
199 887 262 922 tot
290 885 570 930 innocentium,
598 897 685 923 cum
697 887 875 923 uxoribus
889 888 925 923 ὅ(
946 887 1070 923 liberis
1085 886 1129 923 ad
1154 887 1260 924 focos
1276 890 1312 924 ὃς
1330 888 1467 925 cubilia
1488 888 1549 925 sua
1577 901 1641 938 per
1655 892 1711 928 in-

100 939 230 977 fimam
243 933 363 990 plebis
378 940 534 986 faecem,
562 951 603 978 ut
620 941 760 977 belluas
774 940 950 989 quasdam
980 942 1126 991 publica
1154 942 1382 980 authoritate
1403 945 1439 980 &
1467 945 1648 982 animatas
1673 949 1711 984 ὃς

100 990 258 1032 armatas
286 997 323 1032 &
351 994 481 1042 miffas,
510 994 671 1036 effusum
707 998 772 1044 qui
789 1006 829 1033 ut
852 1008 1013 1045 regnum
1041 1003 1119 1033 tam
1148 996 1293 1034 nefario
1317 997 1453 1035 scelere
1485 999 1731 1049 obligaturus

99 1049 241 1088 mutuis
254 1050 428 1087 caedibus
447 1053 483 1087 &
497 1049 885 1088 contrucidationibus
896 1050 1113 1102 expiaretur,
1141 1053 1183 1088 in
1198 1053 1386 1090 ultionem
1402 1053 1587 1105 poscebat.
1643 1057 1710 1094 Illa

101 1114 230 1145 tamen
240 1115 432 1152 utcunque
446 1102 618 1143 officium
630 1106 841 1143 foederatae
855 1108 894 1143 ὅ(
907 1106 1099 1158 prudentis
1115 1109 1150 1142 ὅ(
1167 1107 1382 1154 benevolae,
1412 1107 1600 1159 praestitit.

57 1207 59 1209 ι
154 1160 287 1198 ALIA
308 1159 422 1197 etiam
451 1159 568 1197 subest
581 1160 696 1206 causa,
725 1171 790 1198 cur
817 1172 949 1212 pacem
969 1161 1014 1197 ab
1030 1157 1279 1198 Elzzabetha
1297 1162 1438 1200 cultam
1454 1164 1490 1200 &
1518 1165 1710 1203 conserva->

98 1223 177 1254 tam
206 1215 458 1252 admiremur:
486 1227 528 1251 ea
556 1214 749 1261 nimirum,
783 1216 888 1262 quod
904 1227 986 1252 non
1016 1226 1278 1265 atemporunr
1293 1217 1552 1265 inclinatione,
1582 1219 1642 1258 sed
1663 1221 1711 1259 ab

98 1271 177 1316 ejus
192 1269 391 1322 prudentia
411 1271 447 1307 Sc
463 1271 571 1307 rebus
600 1270 696 1307 bene
726 1269 919 1315 ordinatis,
949 1276 1017 1321 pax
1042 1269 1104 1307 ista
1131 1271 1297 1321 profesta
1320 1267 1373 1309 fir.
1431 1274 1536 1310 Nam
1552 1287 1641 1312 cum
1670 1278 1708 1313 ὅ(

97 1325 247 1363 interna
260 1325 424 1363 fastione
434 1325 488 1363 ob
501 1324 647 1362 causam
664 1323 854 1375 religionis
869 1326 1066 1372 laboraret,
1098 1328 1135 1362 ὃ(
1163 1325 1272 1377 hujus
1292 1328 1397 1376 regni
1415 1328 1531 1365 robur
1548 1327 1586 1365 δε
1609 1341 1710 1381 prae-

95 1375 232 1419 'fidium
251 1379 441 1419 universae
458 1378 634 1432 Europae
653 1379 761 1417 instar
774 1381 1046 1429 propugnaculi
1068 1380 1154 1418 css'et
1169 1381 1340 1420 adversus
1365 1384 1460 1432 regis
1488 1379 1708 1436 Hispaniae

97 1436 172 1473 illis
186 1435 418 1487 temporibus
430 1435 712 1473 formidabilem
723 1436 759 1471 &
775 1436 1028 1472 exundantem
1041 1435 1293 1473 ambitionem
1311 1439 1349 1474 ὃ(
1363 1440 1589 1488 potentiam,
1619 1440 1709 1478 beli-i

97 1492 254 1528 materia
268 1502 350 1528 non
370 1490 512 1531 defuir;
541 1502 673 1528 verum
698 1489 771 1540 ipsa
787 1493 824 1528 ὅ(
840 1489 956 1540 copiis
978 1493 1014 1528 &
1039 1488 1201 1528 consiliis
1227 1491 1417 1543 superfuit.
1474 1493 1572 1531 Istud
1599 1506 1710 1533 even-

97 1548 158 1584 'tus
180 1545 311 1583 docuit
340 1544 501 1584 maxime
526 1546 785 1583 memorabilis
809 1547 905 1582 inter
938 1558 993 1582 res
1017 1547 1128 1596 gestas
1157 1546 1272 1583 no'stri
1297 1543 1431 1585 saeculi
1455 1548 1654 1596 universas,
1682 1548 1708 1588 fi

96 1599 314 1639 felicitatem
336 1594 484 1653 species
540 1603 643 1639 Nam
665 1612 753 1638 cum
769 1596 886 1637 classis
896 1598 1125 1652 Hispanica,
1156 1610 1266 1638 tanto
1281 1614 1404 1639 rerum
1421 1612 1572 1640 tumore
1588 1607 1623 1640 ὅ(
1644 1615 1706 1642 to-

97 1655 177 1693 tius*
189 1653 368 1708 Europae
395 1667 538 1693 terrore
563 1658 599 1692 δε
623 1656 890 1706 expectatione,
924 1660 960 1693 &
989 1667 1091 1694 tanta
1105 1655 1278 1694 victoriae
1305 1657 1440 1694 fiducia
1465 1658 1559 1695 freta
1578 1658 1706 1697 nostra

98 1710 265 1758 sulcaret,
296 1723 366 1748 nec
390 1713 601 1748 naviculam
624 1712 789 1759 aliquam
817 1711 854 1748 iu
879 1710 969 1747 mari
992 1710 1142 1763 accepit,
1172 1723 1242 1748 nec
1270 1712 1439 1750 villulam
1459 1714 1623 1762 aliquam
1651 1713 1707 1752 in-

89 1765 233 1803 ‘cendio
248 1767 408 1813 vastavit,
437 1779 507 1803 nec
527 1765 628 1803 littus
651 1765 814 1803 omnino
834 1765 976 1815 attigit:
1007 1767 1080 1803 Sed
1107 1765 1252 1815 proelio
1279 1766 1369 1814 fusa,
1398 1766 1529 1805 misera
1556 1768 1644 1818 fuga
1667 1772 1717 1810 δε,

99 1820 233 1858 crebris
248 1821 446 1871 naufragiis
471 1818 638 1871 diffipata
653 1822 713 1867 est,
743 1832 855 1871 atque
880 1833 947 1871 pax
967 1819 1136 1873 Anglico
1158 1821 1243 1858 solo
1267 1821 1454 1860 &finibus
1478 1824 1640 1861 immota
1668 1822 1707 1862 δὲ

103 1876 317 1914 inconcussa
352 1874 496 1913 manfit.
553 1879 637 1915 Nec
661 1875 785 1915 minus
812 1877 901 1913 felix
933 1875 972 1914 in
1001 1878 1287 1923 conjuratorum
1311 1875 1448 1915 insidiis
1484 1877 1705 1928 devitandis,

100 1943 215 1980 quam
243 1934 283 1969 in
307 1933 424 1980 copiis
440 1931 628 1969 hostilibus
651 1932 890 1970 devincendis
911 1934 947 1970 ὃ(
975 1931 1245 1982 propulsandis,
1273 1931 1366 1970 fuit:
1395 1936 1476 1970 noh
1504 1945 1639 1982 paucae
1671 1947 1707 1972 e-

97 1985 178 2024 nirn
194 1998 326 2024 contra
342 1989 456 2025 vitam
472 1988 549 2032 ejus
568 1986 860 2037 conspirationes
875 1987 1002 2034 saetae,
1030 1983 1242 2024 feliciffime
1257 1989 1294 2025 ὃ(
1308 1987 1508 2039 patefaCtae
1523 1989 1561 2025 &
1580 1989 1707 2027 disturn'

98 2042 202 2079 barae
218 2041 322 2080 sunt:
352 2054 474 2090 neque
504 2055 545 2079 ex
562 2055 609 2079 eo
623 2044 697 2079 vita
721 2043 798 2089 ejus
822 2041 939 2091 magis
968 2043 1114 2094 trepida
1140 2053 1203 2079 aut
1223 2043 1353 2085 anxia5
1382 2055 1465 2081 non
1486 2043 1708 2096 stipatorum

97 2097 279 2135 numerus
300 2098 425 2135 auctus
441 2114 455 2140 ,-
486 2110 568 2134 non
591 2108 739 2147 tempus
767 2099 865 2135 intra
888 2098 1066 2146 palatium
1094 2098 1219 2135 astum
1249 2100 1285 2134 ὃ(
1313 2110 1415 2136 rarus
1442 2100 1482 2135 in
1510 2099 1708 2150 publicum

97 2152 300 2202 processu&
328 2151 388 2189 sed
406 2152 528 2190 secura
545 2155 582 2190 &
594 2152 726 2200 fidens,
755 2155 793 2190 ὅ(
807 2154 933 2203 potius
947 2151 1213 2190 liberationisa
1235 2151 1400 2204 periculo
1415 2164 1528 2202 quam
1550 2153 1708 2203 periculi

98 2204 205 2259 ipsius
225 2219 386 2252 memor,
415 2207 509 2245 nihil
524 2208 570 2244 de
586 2206 856 2245 consuetudine
877 2207 940 2244 sua
953 2206 1099 2259 pristina
1113 2206 1262 2246 vivendi
1277 2209 1450 2258 mutavit.

118 2288 121 2289 ν
151 2263 319 2300 ETIAM
350 2263 444 2300 illud
470 2273 606 2300 notatu
633 2263 794 2312 dignum
815 2263 976 2309 videtur,
1005 2262 1130 2311 qualia·
1149 2272 1323 2312 tempora
1346 2261 1487 2300 fuerint
1512 2259 1555 2302 in
1570 2263 1706 2316 quibus

98 2315 239 2355 floruit.
296 2319 392 2355 Sunt
424 2319 529 2355 enim
547 2318 731 2370 quaedam
760 2317 900 2355 saecula
919 2327 999 2354 tam
1023 2317 1176 2357 barbara
1194 2319 1232 2354 ὅ(
1260 2328 1387 2354 rerum
1409 2317 1544 2365 nescia,
1573 2329 1615 2357 ut
1638 2319 1708 2357 ho-·¹

95 2370 230 2419 mines,
259 2378 438 2421 tanquam
466 2372 685 2411 animalium
712 2384 852 2424 greges,
881 2373 1044 2422 imperio
1066 2376 1239 2409 coercere
1270 2370 1325 2409 nil
1356 2384 1539 2422 magnum
1577 2372 1703 2412 fuerit.

99 2427 199 2464 Haec
214 2427 522 2480 autem-princeps
545 2427 584 2465 in
599 2435 773 2480 tempora
791 2424 1039 2465 eruditiflima
1060 2429 1097 2465 &
1119 2423 1364 2465 excultiffima
1379 2426 1541 2469 incidits
1569 2430 1610 2466 in
1624 2429 1705 2478 qui-

97 2481 167 2520 bus
185 2481 352 2520 eminere
367 2485 404 2519 ὃς
423 2484 602 2522 excellere
624 2495 707 2521 non
734 2482 871 2532 absque
885 2481 1056 2519 maximis
1072 2480 1213 2532 ingenii
1226 2482 1380 2520 dotibus
1394 2484 1432 2520 &
1450 2480 1623 2533 fingulari
1636 2482 1705 2521 vir-·

99 2539 191 2576 tutis
209 2546 519 2588 ‘temperamento
540 2539 707 2577 dabatur.
764 2540 889 2576 Etiam
917 2536 1070 2587 imperia
1088 2537 1346 2576 foeminarum
1369 2539 1517 2588 nuptiis·
1537 2538 1617 2576 fere
1637 2539 1706 2576 ob-

97 2591 301 2640 scurantur,
328 2592 527 2642 laudesque
542 2595 578 2630 &
593 2596 672 2632 aeta
694 2596 735 2631 in
758 2595 916 2631 maritos
929 2591 1141 2631 transeunt:
1168 2592 1241 2630 illis
1268 2600 1398 2629 autem
1410 2604 1505 2642 quae
1526 2591 1706 2644 innuptae

97 2646 263 2696 degunt,
280 2646 426 2700 propria
445 2650 483 2686 &
510 2647 653 2699 integra
674 2650 799 2699 gloria·
824 2658 966 2687 manet.
1024 2649 1068 2685 In
1100 2647 1203 2686 illam
1229 2659 1322 2685 vero
1340 2647 1417 2686 h'oe
1442 2650 1560 2698 magis
1589 2644 1703 2696 cadit,

97 2702 202 2751 quod
231 2701 342 2743 nuliis
369 2701 515 2755 imperii
544 2702 791 2751 adminiculis,
826 2701 892 2741 nisi
917 2714 1011 2752 quae
1038 2702 1114 2753 ipsa
1132 2701 1197 2741 fibi
1210 2706 1502 2753 comparaverat,
1529 2703 1704 2741 fulcieba-

97 2758 176 2795 tur:
205 2767 287 2800 non
306 2759 418 2797 frater
434 2757 599 2797 uterinus
620 2759 756 2805 aderat,
785 2770 867 2796 non
882 2768 1044 2810 patruus,
1072 2770 1155 2796 non
1173 2757 1265 2796 alius
1279 2757 1463 2808 quispiam
1489 2757 1630 2797 familia
1663 2759 1703 2795 &

95 2811 203 2862 stirpe
222 2814 333 2862 regia,
361 2814 427 2865 qui
451 2815 633 2865 particeps
651 2813 685 2851 ei
712 2815 885 2852 curarum
908 2816 945 2851 &
959 2812 1233 2851 dominationis
1251 2809 1453 2852 subsidium
1474 2812 1571 2850 esset.
1627 2811 1704 2849 Sed

99 2867 136 2903 &
156 2879 232 2914 eos,
252 2872 347 2919 q'u'o's
361 2867 436 2919 ipsa
457 2869 501 2906 ad
522 2869 686 2907 honores
700 2878 879 2917 evexerat,
908 2871 958 2907 ita
978 2866 1198 2906 &cohibuit
1223 2869 1260 2906 ὅ(
1278 2867 1529 2913 commiscuit,
1557 2876 1599 2904 nt
1625 2863 1700 2916 sin-7

98 2922 194 2970 gulis
206 2922 409 2962 maximam
430 2922 692 2977 complacendi
715 2919 992 2961 solicitudinem
1020 2922 1213 2970 injiceret3
1241 2933 1354 2972 atque
1379 2921 1452 2972 ipsa
1475 2921 1618 2972 semper
1643 2920 1699 2959 sui

98 2977 187 3023 juris
207 2976 303 3015 effer.
359 2978 466 3017 Orba
485 2978 569 3017 sane
592 2978 677 3025 fuir,
706 2991 776 3016 nec
795 2978 944 3028 stirpem
963 2990 1006 3016 ex
1033 2978 1070 3017 se
1092 2977 1258 3031 reliquit:
1285 2978 1389 3030 quod
1409 2975 1521 3014 etiam
1539 2969 1700 3014 feliciffi-

96 3032 170 3068 mis
184 3031 355 3082 contigit,
371 3029 769 3087 AlexandroMagno,
784 3032 899 3086 Julio
914 3031 1084 3085 Caesari,
1100 3029 1282 3087 Trq'ano,
1298 3031 1396 3070 aliis:
1427 3031 1464 3069 ὅ(
1477 3029 1627 3082 ⁴semper
1640 3043 1700 3090 va-

1648 3094 1702 3121 rie

1803 208 1892 255 391
