1973 3570
96 232 200 280 404

765 199 1396 256 EPISTOLAE.

283 309 395 349 china
421 306 630 347 intellectus
662 304 744 343 rudi
777 307 813 342 ὃς
843 304 1084 353 imperfesta3
1113 316 1207 353 quae
1236 302 1284 341 est
1312 302 1585 341 Instaurationis
1623 315 1704 355 pars
1745 316 1885 353 quam,

281 364 410 416 Itaque
426 363 593 402 succedet
608 361 670 400 illa
697 359 769 410 ipsa
797 370 926 408 quarta
947 372 1041 411 pars,
1075 361 1111 395 ὃς
1128 361 1246 396 multa
1265 360 1434 408 exempla
1464 357 1655 395 machinae
1679 360 1889 399 continebit

284 420 404 471 magis
419 420 551 464 exaCta,
581 419 619 454 δε
640 416 685 454 ad
714 414 917 453 inductivas
941 416 1084 464 regulas
1108 415 1225 463 magis
1240 415 1440 464 applicata:
1471 414 1621 463 Quinto
1636 413 1806 464 sequetur
1826 417 1890 453 iste.

285 474 392 523 liber,
421 486 537 524 quem
557 472 814 510 Prodromum
839 468 1100 521 Philosophiae
1127 468 1307 506 secundae
1330 466 1602 518 inlcripfiinus3
1642 469 1706 517 qui
1736 472 1888 507 inventa

286 528 409 570 nostra
433 530 528 566 circa
552 538 649 564 nova
664 525 846 563 axiomata
860 525 906 561 ab
930 526 1194 576 experimentis
1214 523 1292 576 ipsis
1307 525 1462 560 excitata
1483 522 1694 560 continebit
1709 542 1723 565 ‚-
1755 535 1796 560 ut
1811 536 1889 562 tan-

286 597 400 636 quam
414 585 616 622 columnae
644 583 803 627 jacentes
828 579 1084 617 sustollantur:
1113 591 1228 628 quem
1248 578 1442 630 posuimus
1457 577 1728 615 Instaurationis
1748 590 1890 627 partem

285 639 467 693 quintam.
526 636 719 675 Postremo
746 632 903 686 superest
926 633 1160 685 philosophia
1189 634 1262 685 ipsa
1292 633 1460 679 secunda,
1488 645 1582 680 quae
1603 633 1651 669 est
1666 631 1892 671 Instauratio-

287 697 345 734 nis
359 707 439 745 pars
460 692 577 733 sexta3
605 692 652 728 de
671 689 744 741 qua
771 689 874 739 spem
903 690 1069 726 omnino
1096 689 1317 734 abjecimus:
1348 688 1409 725 sed
1422 700 1441 724 a
1460 686 1607 724 saeculis
1628 689 1664 723 &
1684 687 1893 736 posteritate

285 750 435 789 fortasse
458 746 666 798 pullulabit.
723 745 920 789 Attamen,
951 744 989 780 in
1016 744 1237 780 Prodromis
1259 742 1320 792 (iis
1334 743 1421 779 dico
1441 752 1601 787 tantum,
1631 754 1725 790 quae
1752 744 1796 780 ad
1812 747 1893 782 uui-

287 803 437 842 versalia
451 812 603 839 naturae
619 799 695 836 fere
710 797 942 850 pertingunt)
973 809 1054 834 nou
1071 796 1163 834 levia
1179 798 1269 842 jacta
1294 807 1402 834 erunt
1418 797 1528 842 hujus
1550 799 1604 834 rei
1634 798 1890 836 fundamenta.

290 861 490 897 Conamur
508 856 563 903 (ut
582 854 697 901 vides)
729 863 857 890 tenues
872 853 1046 902 grandia:
1077 854 1117 888 in
1137 864 1186 889 eo
1208 862 1357 890 tantum
1382 852 1484 901 spem
1499 862 1693 901 ponenteS,
1722 855 1826 901 quod
1846 854 1894 891 vi-

287 914 425 951 dentur
453 910 549 947 istaa
575 910 648 946 Dei
666 907 909 958 providentia
924 909 961 944 &
985 907 1168 945 immensa
1191 908 1359 945 bonitate
1382 907 1557 956 profesta.
1613 908 1755 954 Primo,
1785 921 1893 960 prop-

287 979 345 1006 ter
360 966 536 1005 ardorem
552 964 589 1002 δ’(
607 961 854 1001 constantiam
870 960 1005 999 mentis
1025 962 1180 1009 nostrae,
1208 959 1355 1013 quaein
1384 962 1456 999 hoc
1474 961 1643 999 instituto
1672 974 1752 999 nou
1767 964 1894 1001 conie-

286 1023 381 1070 nuit‚
409 1033 479 1060 nec
494 1029 603 1058 tanto
617 1018 799 1069 temporis
818 1016 934 1069 spatio
949 1015 1102 1055 refrixit.
1161 1017 1346 1068 Equidem
1374 1015 1534 1054 memini
1564 1029 1626 1053 me
1651 1018 1895 1067 quadraginta

285 1077 421 1117 abhinc
435 1074 541 1114 annis
562 1075 725 1122 juvenile
746 1073 968 1123 opusculum
984 1074 1080 1109 circa
1099 1072 1162 1110 has
1190 1084 1246 1110 res
1268 1070 1478 1118 confeciss‘e‚
1506 1072 1609 1122 quod
1634 1083 1769 1122 magna
1791 1085 1896 1122 pror-

285 1133 344 1172 sus
358 1130 490 1171 fiducia
504 1128 540 1168 δ’(
555 1128 758 1178 magnifico
772 1128 899 1176 titulo,
915 1129 1117 1177 Temporis
1128 1130 1281 1165 Patrum
1296 1126 1503 1164 maximum
1518 1125 1692 1179 inscripsi.
1758 1129 1895 1166 Secun-

285 1189 352 1236 do,
378 1187 483 1240 quod
503 1196 654 1236 propter
678 1184 867 1221 infinitam
888 1182 1085 1221 utilitatem
1110 1184 1183 1221 Dei
1199 1193 1277 1234 opt.
1301 1195 1396 1219 max.
1422 1182 1709 1219 auctoramento
1736 1184 1897 1231 gaudere

287 1243 463 1283 videatur.
522 1240 865 1286 Commendatum,
899 1248 1008 1288 rogo,
1045 1250 1108 1275 me
1125 1238 1256 1275 habeat
1285 1235 1488 1275 reverentia
1521 1236 1633 1274 vestra
1652 1234 1899 1275 illustrissimo

288 1297 370 1347 vjro
383 1291 739 1341 dominoMolines,
768 1294 871 1341 cujus
881 1289 1099 1331 suaviffimis
1114 1295 1150 1331 ὅ(
1164 1288 1455 1344 prudentissimis
1469 1292 1585 1329 literis
1596 1303 1709 1340 quam
1719 1291 1897 1342 primum,

288 1349 316 1392 fi
329 1355 433 1393 Deus
447 1351 563 1399 volet,
592 1349 803 1388 rescribam.
858 1350 966 1394 Vale,
995 1350 1034 1385 P.
1050 1342 1387 1394 Reverendissime,

921 1421 1193 1461 Reverentiae
1212 1429 1304 1460 tuae
1322 1422 1470 1461 amicus
1484 1417 1772 1473 additffffmus,

1503 1534 1583 1579 FR.
1610 1534 1688 1580 ST.
1715 1534 1896 1580 Aram.

293 1690 368 1748 ΙΙ.
416 1689 757 1771 Rfssrtptum
774 1687 1162 1747 Procuratoris
1178 1688 1316 1768 regis
1331 1687 1615 1770 primarii,
1657 1689 1741 1746 acl
1756 1691 1899 1747 Aca-

380 1775 613 1838 demiam
644 1771 1169 1854 Cantabrigiensem,
1200 1773 1418 1853 quando
1447 1774 1507 1831 in
1517 1775 1774 1850 stmfi‘ius
1818 1795 1917 1832 re-.

372 1861 462 1941 glis
491 1858 759 1940 confilium
775 1873 1047 1941 cooptatus
1060 1858 1203 1936 fuit.

418 1997 614 2040 RA'TAE
638 1997 735 2037 mihi
758 1999 863 2038 fuere
890 1999 1018 2037 literae
1046 1998 1192 2046 vestrae,
1228 2009 1340 2048 atque
1363 1999 1657 2050 gratulationem
1671 1997 1822 2036 vestram
1851 1998 1901 2050 ip

441 2055 477 2093 fe
491 2053 584 2093 mihi
597 2054 776 2105 gratulor.
834 2053 935 2093 Rem
948 2053 1063 2104 ipsam
1078 2055 1129 2091 ita
1145 2053 1237 2092 mihi
1260 2055 1400 2092 honori
1429 2057 1466 2093 δε
1485 2053 1668 2105 voluptati
1691 2054 1774 2092 fore
1789 2054 1902 2100 duco,

296 2109 322 2149 fi
346 2111 386 2149 in
401 2111 469 2150 hac
493 2119 623 2148 mente
639 2108 824 2156 maneam,
854 2114 895 2147 ut
910 2108 1064 2161 publicis
1079 2108 1310 2157 utilitatibus,
1339 2110 1460 2147 studio
1474 2108 1652 2147 indefeffo
1668 2110 1704 2146 ὃ(
1718 2108 1903 2160 perpetuis

296 2167 393 2205 curis
408 2168 444 2203 ὅ(
465 2177 563 2217 puro
581 2161 727 2212 affectu,
754 2163 964 2202 inserviam.
1019 2166 1122 2202 Inter
1137 2175 1258 2214 partes
1277 2174 1403 2203 autem
1419 2164 1638 2214 reipublicae
1650 2165 1754 2201 nulla
1771 2162 1904 2202 animo

295 2231 388 2259 meo
403 2221 550 2258 charior
572 2219 621 2258 est*
639 2231 753 2272 quarn
768 2219 997 2257 Academiae
1014 2221 1050 2256 ὃς
1066 2218 1216 2257 literae:
1244 2220 1360 2272 quue
1385 2222 1422 2257 ὃς
1449 2219 1521 2258 vita
1544 2231 1628 2256 mea
1650 2219 1816 2256 autc-asta
1841 2219 1902 2257 de-

295 2278 408 2314 clarat
424 2279 460 2315 &
478 2274 618 2329 scripta.
674 2277 801 2324 Itaque
816 2272 995 2324 quicquid
1014 2273 1108 2312 mihi
1128 2274 1324 2324 accesserit,
1351 2274 1388 2313 id
1404 2276 1518 2312 etiam
1532 2273 1638 2312 vobis
1651 2269 1831 2310 acceffiffe
1843 2286 1901 2311 ex-

296 2330 454 2369 istimare
472 2327 632 2381 potestis.
688 2332 826 2379 Neque
840 2339 931 2367 vero
945 2330 1198 2383 patrocinium
1215 2342 1344 2368 meum
1364 2329 1468 2367 vobis
1492 2329 1678 2367 sublatum
1701 2339 1764 2366 aut
1789 2329 1901 2365 dimi-

298 2396 434 2425 nutum
459 2386 528 2424 esse
549 2385 698 2424 credere
720 2385 884 2423 debetis:
913 2386 1018 2425 Nam
1040 2386 1077 2422 δί
1105 2396 1147 2422 ca
1169 2397 1250 2437 pars
1270 2383 1431 2434 patroni,
1460 2396 1554 2434 quae
1574 2385 1619 2422 ad
1639 2381 1837 2422 confilium
1859 2385 1902 2421 in

299 2440 409 2478 caufis
423 2441 678 2479 exhibendum
705 2438 851 2491 spectat,
879 2438 1023 2490 integra
1041 2448 1170 2477 manet
1185 2457 1201 2484 5
1228 2449 1340 2489 atque
1367 2441 1482 2477 eriam
1509 2437 1548 2486 (fi
1563 2438 1652 2489 quid
1674 2439 1819 2488 gravius
1847 2450 1902 2475 ac-

299 2495 448 2545 ciderit)
477 2495 597 2547 ipsum
619 2496 820 2548 perorandi
835 2507 973 2533 munus
990 2493 1156 2545 (licentia
1178 2496 1275 2545 regis
1289 2495 1459 2543 obtenta)
1490 2493 1657 2532 relietum
1683 2493 1753 2534 cst;
1782 2493 1901 2541 quod-

296 2555 369 2599 'que
395 2551 482 2595 juris
508 2552 722 2604 patrocinio
744 2551 876 2599 deerit,
911 2550 949 2588 id
973 2548 1134 2587 auctiore
1158 2550 1337 2600 potestate
1365 2548 1677 2600 compensabitur.
1734 2546 1832 2585 Mihi
1859 2550 1902 2585 in

292 2602 389 2643 votis
403 2604 463 2652 est,
491 2616 533 2644 ut
556 2606 883 2656 quemadmodum
903 2618 924 2643 a
951 2606 1187 2656 privatorum
1215 2606 1252 2642 &
1276 2604 1535 2643 clientelarum
1562 2601 1735 2653 negotiiS‚
1764 2603 1810 2640 ad
1836 2615 1902 2653 gu-

293 2659 493 2697 bernacula
508 2660 728 2714 reipublicae
748 2659 943 2699 transsatus
970 2661 1045 2707 jam
1069 2658 1173 2702 sum3
1201 2657 1252 2698 ita
1267 2662 1304 2698 ὅ(
1323 2659 1529 2713 postremae
1546 2657 1673 2696 aetatis
1695 2669 1801 2695 meae
1819 2669 1902 2709 pars

302 2712 344 2761 (fi
357 2712 430 2752 vita
452 2713 620 2765 suppetit)
638 2715 750 2754 etiam
764 2729 785 2753 a
799 2715 955 2767 publicis
969 2717 1065 2753 curis
1079 2715 1125 2752 ad
1141 2715 1266 2753 otium
1281 2717 1319 2753 &
1329 2714 1448 2753 literas
1456 2713 1586 2752 devehi
1600 2709 1724 2764 possit.
1781 2713 1902 2765 Quin-

295 2768 409 2807 etiam
423 2768 560 2820 saepius
575 2770 669 2808 subit
685 2773 749 2809 illa
765 2770 960 2822 cogitatio,
987 2780 1030 2808 ut
1045 2771 1160 2808 etiam
1180 2769 1220 2808 in
1239 2781 1298 2808 tot
1315 2772 1353 2808 δε
1365 2771 1477 2808 tantis
1491 2767 1663 2819 negotiis,
1692 2777 1818 2805 tamen
1833 2766 1900 2804 fin-

295 2823 392 2875 gulis
406 2824 512 2862 annis
535 2825 680 2876 aliquos
709 2825 785 2864 dies
805 2827 902 2879 apud
929 2838 995 2865 vos
1014 2825 1230 2877 deponam;
1258 2835 1302 2862 ut
1330 2838 1373 2863 ex
1400 2826 1544 2871 majore
1559 2823 1757 2861 vestrarum
1776 2834 1900 2859 rerum

296 2877 430 2918 notitia
445 2877 565 2918 vestris
577 2879 798 2920 utilitatibus
812 2882 948 2920 melius
963 2877 1156 2919 consulere
1168 2876 1319 2933 posfim.

339 3015 358 3047 5
375 3005 396 3048 J
419 3006 449 3039 r·
489 3006 507 3039 6
522 3003 551 3039 '6
865 2953 1033 2996 Amicus
1047 2953 1172 3008 vester
1182 2955 1352 2996 maxime
1358 2950 1496 3006 fidelis
1512 2949 1559 2996 da
1573 2949 1792 3000 benevolus,

398 3018 417 3039 u
431 3018 449 3038 ll
471 3017 483 3039 Ι
514 3017 526 3039 1
553 3030 562 3040 ο

1625 3052 1704 3097 FR.
1725 3050 1897 3097 BAcON.

1842 3174 1901 3213 111,
