1973 3570
311 244 781 293 HISTORIA
833 248 1108 294 DENSI
1161 248 1270 295 ET
1322 251 1548 298 RARI.

153 341 446 380 Commentatio.
469 344 504 378 T
513 353 583 379 UM
593 354 653 379 UL
665 354 688 379 T
698 354 750 379 us
763 344 860 380 intra
873 353 993 394 partes
1005 344 1173 392 eorporis
1189 343 1287 380 inter
1298 344 1588 393 dissolvendum,
1605 348 1708 389 istam

97 395 351 433 aszenstonem
368 396 499 434 causat.
558 399 660 434 Nam
677 399 716 434 in
741 398 955 435 vehementi
974 396 1143 435 erosione
1167 410 1328 449 corpora
1348 400 1596 451 impelluntur
1612 415 1706 442 non·

100 453 194 488 nihil
210 462 320 488 motu
338 453 469 491 loea.i;
500 462 540 488 ut
560 452 685 488 videre
701 451 747 488 cst
765 454 803 488 in
826 453 946 501 lapide
966 464 1081 502 parvo
1096 453 1279 501 glareosQ
1309 455 1375 502 qui
1390 452 1528 505 positus
1544 457 1584 493 in
1601 469 1708 495 aceto

97 505 188 542 forti
205 507 249 542 ad
269 508 380 543 latera
397 508 553 556 patellae
571 506 626 552 (ut
642 505 781 543 menius
798 508 951 554 labatur)
970 519 1034 555 per
1049 509 1145 545 vices
1159 507 1294 556 gliscit,
1325 518 1366 546 ut
1385 508 1591 560 pisciculus,
1647 513 1705 550 ΕΗ

99 563 137 598 &
159 573 276 609 genus
303 560 429 609 lapidis
457 571 519 598 aut
540 557 686 607 fossilis,
715 562 818 609 quod
841 562 1046 599 immissiun
1067 564 1108 599 in
1123 561 1487 612 acetumirrequiete
1517 565 1552 602 se
1580 569 1707 615 agitat,

98 617 135 652 ὅ(
159 616 234 652 hue
262 617 353 652 illue
377 617 504 652 currit.
561 615 617 652 At
644 627 738 663 quae
762 614 837 652 sine
860 615 1004 668 impetu
1028 617 1096 653 isto
1123 616 1330 654 miscentur
1357 618 1411 665 (ut
1435 620 1611 668 arbitror)
1644 621 1708 658 nili

99 670 269 717 quassam,
309 682 388 707 non
404 669 628 707 ascendunt:
666 672 767 707 velut
794 671 1005 708 saccharum
1027 673 1067 708 in
1091 672 1212 708 fundo
1226 684 1343 721 aquae
1362 685 1443 710 non
1459 674 1645 712 dulcificat
1667 679 1703 713 in

98 723 270 764 summm
299 737 368 761 nee
387 737 517 761 crocus
539 727 695 770 colorat,
726 723 793 761 nisi
809 729 1056 764 moveatur&
1076 728 1247 775 agitetur.

148 778 353 817 connexio.
384 782 779 817 TRANSEUNDUM
806 781 850 817 ad
876 783 977 818 aliud
996 794 1114 830 genus
1136 782 1417 830 dilatationum‚
1456 783 1560 831 quod
1588 786 1703 822 etiam

94 835 293 871 communi
314 835 500 871 vocabulo
516 835 806 872 diss'olutionum
831 836 883 882 (in
900 837 1101 884 aliquibus)
1121 848 1368 885 nuncupatur.
1428 838 1483 874 Pit
1497 850 1624 876 autern
1639 841 1705 877 ubi

94 900 253 937 corpora
282 889 403 926 versus
427 890 497 926 alia
523 902 681 940 corpora
707 892 824 926 amica
854 901 968 927 ruunt
995 892 1034 927 in
1060 892 1296 939 amplexum3
1335 895 1371 929 ὅ(
1397 889 1422 928 si
1448 892 1555 930 datur
1584 897 1703 946 copia,

94 945 264 991 aperiunt
296 943 330 980 sc
356 955 395 980 ut
426 945 489 980 illa
515 946 773 995 introeipiant.
831 947 968 992 Neque
998 945 1038 981 fit
1069 945 1158 981 hacc
1186 956 1356 994 apertura
1383 947 1614 984 tumultuose
1641 961 1703 986 aut

93 1010 159 1050 per
178 1000 481 1049 penetrationem
503 1000 672 1048 eorporis
689 999 945 1046 ingredientis,
977 1000 1030 1045 (ut
1051 1000 1091 1036 in
1117 999 1218 1048 aquis
1243 1000 1441 1049 sortibuss)
1472 1001 1533 1039 sed
1558 1004 1702 1053 placide

93 1055 131 1091 ὃ(
150 1065 214 1105 per
236 1054 505 1090 relaxationem
525 1054 694 1104 corporis
716 1053 937 1106 recipientis.

803 1143 990 1194 Iatstorja.

295 1216 655 1268 ‘Dilatationespcr
669 1229 731 1254 am
759 1214 887 1254 lexmn
908 1213 955 1258 (ἂν
970 1228 1079 1255 occur
1099 1230 1162 1255 um
1177 1217 1343 1271 corporis
1357 1218 1486 1256 amici.

151 1313 183 1339 Ι.
216 1303 522 1339 SACCHARUM
550 1304 586 1338 ὃ(
610 1302 758 1350 gummi
788 1302 985 1347 nonnulla,
1018 1312 1058 1338 ut
1084 1301 1381 1350 tragacanthum,
1422 1304 1463 1339 in
1488 1303 1699 1350 liquoribus

92 1356 222 1400 infusa,
264 1356 480 1397 solvuntur3
511 1358 633 1393 laxant
658 1355 759 1393 enim
782 1356 943 1392 libenter
971 1355 1092 1403 (instar
1119 1355 1373 1408 spongiarum)
1403 1367 1525 1408 partes
1552 1357 1629 1395 suas
1653 1360 1699 1396 ad

92 1412 352 1463 recipiendum
369 1413 568 1460 liquorem.

148 1478 183 1502 2.
216 1467 446 1512 Pxpmm,
478 1465 561 1512 seta,
592 1466 686 1511 lana,
717 1467 753 1502 ἃ*
781 1464 995 1509 hujusmodi
1018 1464 1166 1517 porosa,
1196 1464 1405 1514 liquoribus
1430 1466 1604 1504 immersa
1633 1479 1696 1506 aut

90 1518 174 1557 a'ias
191 1521 410 1568 humectata,
432 1522 481 1557 ita
498 1520 532 1557 se
545 1519 726 1573 aperiunt,
743 1531 782 1558 ut
796 1520 994 1558 deveniant
1010 1522 1127 1570 magis
1140 1520 1282 1567 mollia,
1303 1520 1522 1569 lacerabilia,
1545 1524 1582 1559 δε
1597 1522 1696 1571 quasi

90 1587 225 1628 putria.

145 1641 181 1681 3.
214 1631 414 1668 GAUDIA
442 1629 571 1675 subita,
601 1640 642 1667 ut
662 1630 713 1666 ob
743 1630 922 1667 nuntium
943 1630 1102 1677 bonum,
1129 1629 1317 1682 aspectum
1338 1630 1415 1675 ejus
1435 1630 1535 1679 quod
1562 1630 1634 1669 fuit
1654 1634 1696 1670 in

88 1683 281 1731 desiderio,
312 1688 347 1723 ὃ(
363 1683 503 1731 similia,
532 1686 619 1722 licet
636 1697 715 1721 non
731 1696 865 1734 corpus
884 1686 1167 1735 amplefitantur,
1197 1684 1258 1721 sed
1271 1682 1500 1736 phantasiam
1516 1686 1695 1734 aliquam,

89 1740 335 1778 nihilominus
352 1739 496 1791 spiritus
516 1741 737 1776 animalium
761 1738 952 1790 insigniter
972 1740 1151 1780 dilatant3
1181 1740 1295 1787 idque
1320 1740 1512 1777 interdum
1528 1753 1614 1777 cum
1634 1754 1694 1793 pe-

88 1797 209 1833 riculo
230 1794 411 1844 repentini
431 1794 584 1842 deliquii
600 1804 663 1831 aut
678 1796 824 1832 mortis.
883 1796 1013 1832 Simile
1033 1794 1119 1832 facit
1136 1795 1358 1844 imaginatio
1377 1793 1416 1831 in
1436 1797 1615 1832 venereis.

143 1847 392 1888 Mandatum.
425 1850 775 1887 COGITANDUM
789 1850 836 1886 de
856 1848 1089 1887 inveniendis
1110 1848 1302 1886 menstruis
1322 1848 1600 1887 substantiarum
1619 1850 1691 1900 spe-

87 1901 258 1943 cialium:
287 1905 461 1941 videntur
477 1903 577 1940 enim
597 1904 698 1955 posse
714 1904 782 1941 ess'e
803 1903 967 1952 liquores
983 1907 1019 1942 &
1039 1906 1183 1954 pulpae,
1212 1914 1336 1941 tantae
1358 1916 1445 1941 cum
1467 1906 1692 1954 corporibus

86 1959 344 1996 determinatis
374 1958 611 2010 sympathiaq
648 1969 689 1996 ut
718 1957 788 1996 illis
812 1959 973 1996 admotis
998 1971 1118 2009 partes
1146 1959 1222 1996 suas
1249 1959 1356 1995 facile
1381 1960 1517 2005 laxent,
1555 1959 1688 2008 easque

85 2012 243 2051 libenter
260 2013 465 2053 imbibant3
495 2012 603 2063 seque
617 2026 684 2065 per
701 2013 774 2050 hoe
796 2015 835 2050 in
851 2013 964 2051 suecis
981 2014 1050 2051 suis
1066 2016 1281 2051 intenerent
1298 2016 1334 2050 ὃ(
1349 2024 1545 2051 renovent.
1603 2016 1690 2052 Hoc

84 2070 187 2106 enim
211 2068 377 2120 pertinet
394 2069 438 2105 ad
462 2081 581 2104 unum
597 2081 638 2105 ex
664 2069 895 2118 magnalibus
920 2079 1090 2110 natur-aes
1119 2081 1269 2120 nempe,
1299 2078 1340 2105 ut
1364 2080 1488 2105 rerum
1510 2070 1690 2106 humores

83 2125 245 2161 maxime
261 2123 436 2161 radicales
452 2123 665 2169 refocillari,
695 2126 732 2160 &
751 2125 912 2160 nutritio
928 2125 972 2160 ab
996 2134 1097 2161 extra
1111 2124 1191 2160 fieri
1206 2119 1359 2173 possint,
1389 2134 1430 2160 ut
1446 2125 1485 2159 in
1502 2124 1686 2170 carnibus,

84 2174 235 2225 ostibus,
257 2178 498 2223 membranis,
523 2176 640 2226 lignis,
663 2180 732 2215 &e.
788 2180 910 2214 Etiam
926 2178 963 2215 in
977 2178 1018 2215 iis
1034 2191 1127 2227 quae
1139 2188 1343 2229 operantur
1359 2190 1424 2228 per
1439 2175 1689 2215 divulsionem

85 2235 122 2270 δε
137 2231 447 2284 penetrationem,
477 2232 524 2268 est
546 2232 747 2280 sympathi-a
768 2231 837 2269 sive
854 2234 1121 2271 conformitas:
1150 2234 1266 2280 Aqua
1278 2232 1387 2267 fortis
1406 2229 1590 2278 siquidem
1605 2244 1688 2270 non

82 2287 194 2325 solvit
210 2300 354 2334 aurum,
384 2298 424 2324 ut
440 2299 509 2323 nec
529 2299 621 2335 aqua
643 2288 740 2335 regia
756 2286 969 2323 communis
984 2297 1193 2335 argentum.

86 2338 87 2341 '
136 2341 339 2380 connexio.
370 2344 644 2379 TRANSEUN
657 2354 681 2378 D
694 2353 761 2378 UM
791 2342 834 2378 ad
850 2340 1088 2377 dilatationes
1114 2352 1178 2389 per
1194 2336 1504 2376 aflimilationcm
1529 2350 1592 2378 aut
1608 2353 1686 2380 vcr—

80 2393 224 2434 sionem
240 2410 250 2438 3
280 2397 433 2445 quando
450 2396 587 2433 scilicet
608 2408 743 2447 eorpus
763 2395 947 2447 imperans
965 2398 1000 2432 ἃ
1016 2394 1130 2443 magis
1146 2395 1307 2432 afflvum
1329 2394 1463 2443 subigit
1480 2406 1614 2446 corpus
1630 2408 1685 2432 ac-

83 2453 332 2489 commodum
350 2454 386 2488 <31
398 2451 674 2499 obsequiosum,
697 2453 732 2487 δε
748 2452 864 2499 magis
877 2446 1078 2501 paffivum3
1100 2452 1151 2487 ita
1162 2459 1202 2486 ut
1219 2449 1311 2486 illud
1325 2450 1365 2485 in
1381 2448 1415 2485 se
1428 2449 1538 2499 plane
1553 2461 1684 2497 vertat,

80 2506 190 2555 seque
206 2519 248 2543 ex
265 2519 312 2543 eo
333 2507 558 2556 multiplicet
580 2508 617 2543 ὅς
641 2516 807 2543 renovet.
864 2505 978 2556 Quod
997 2502 1021 2541 si
1045 2516 1178 2554 corpus
1193 2500 1398 2541 assimilans
1415 2502 1455 2540 sit
1475 2505 1624 2542 tenuius
1645 2509 1682 2542 ὃ(

79 2560 193 2599 rarius
208 2573 321 2611 quam
337 2572 471 2611 corpus
482 2556 735 2607 assimilatum,
757 2559 994 2597 manifestum
1010 2558 1058 2596 est
1071 2555 1380 2596 assimilationem
1391 2557 1471 2595 fieri
1487 2571 1570 2596 non
1583 2560 1685 2611 posse

77 2615 214 2666 absque
232 2617 465 2654 dilatatione.

84 2732 86 2734 Ι
788 2678 975 2730 Historia.

133 2754 420 2795 Dilatationes
438 2765 535 2807 quae
539 2751 648 2805 fiunt
653 2762 726 2805 per
740 2750 1056 2802 affimjlationem,
1071 2747 1163 2799 sive
1183 2747 1389 2800 veaefionem
1407 2749 1449 2788 in
1463 2749 1628 2787 tenuius.

135 2849 167 2875 1.
184 2837 302 2884 AER,
324 2836 538 2873 &maxime
553 2846 639 2871 cum
652 2843 868 2871 commotus
887 2830 946 2878 est,
970 2831 1025 2879 (ut
1043 2833 1083 2868 in
1095 2828 1244 2881 ventis,)
1266 2830 1399 2868 lambit
1413 2828 1680 2867 humiditatem

77 2900 206 2939 terrae,
235 2903 393 2939 eamque
408 2889 657 2941 depraedatur
672 2891 708 2926 δί
730 2889 768 2924 in
785 2887 820 2924 se
835 2888 956 2924 vertit.

132 2957 167 2983 2.
196 2948 463 2984 PROCESSUS
486 2942 742 2981 defiecationis
758 2944 799 2978 in
823 2943 947 2990 lignis,
978 2940 1100 2979 herbis
1126 2943 1166 2978 &
1188 2939 1403 2987 hujusmodi
1424 2937 1678 2987 tangibilibus‚

75 3013 158 3038 non
177 2992 386 3038 admodum
409 2999 510 3036 duris
530 3008 595 3035 aut
607 2997 814 3043 obstinatis,
849 2996 891 3033 fit
914 3008 979 3048 per
1000 2996 1332 3048 depraedationem
1354 2995 1461 3039 aeris,
1489 2993 1555 3041 qui
1580 2992 1679 3043 lpiri-

75 3065 159 3095 tum
181 3056 223 3091 in
246 3066 404 3104 corpore
427 3063 557 3093 evocat
572 3055 609 3091 &
634 3051 786 3102 exsugit,
816 3053 852 3089 ὃ(
873 3052 912 3088 in
939 3050 975 3088 se
990 3049 1310 3090 transubstantiat:
1339 3051 1468 3098 Itaque
1486 3046 1591 3086 tarde
1605 3046 1679 3104 hoc

130 3111 239 3150 VoL.
269 3109 313 3147 ΙΙ.
858 3106 903 3144 Μ
927 3116 947 3143 2
1635 3103 1676 3135 nt

1781 274 1842 319 91
