1973 3570
162 196 225 246 30
597 166 1018 221 HISTORIA
1069 167 1590 218 VENTORUM.

461 269 623 314 Cardin.
706 271 854 310 Boreas.

631 352 633 354 ·
704 327 789 363 Bor.
808 337 842 363 1.
870 325 917 364 ad
931 325 1085 364 Eurum.
1371 362 1384 375 -.

462 380 575 423 Med.
585 377 691 434 Maj.
707 382 844 418 Boreas
865 391 900 418 2.
931 380 976 418 ad
990 380 1147 424 Eur-um,
1173 375 1246 416 five
1260 376 1419 426 Aquilo.

703 435 842 472 Boreas
866 444 902 485 3.
931 434 977 472 ad
991 434 1146 480 Eurum,
1175 430 1247 471 five
1261 432 1395 470 Meses.
1421 471 1448 479 p,

465 489 647 532 Semicar.
703 490 970 528 Euro-Boreas.

705 545 825 581 Eurus
845 553 878 581 1.
907 545 1070 581 a-Borea.

468 596 579 640 Med.
588 595 695 651 qu.
713 599 832 647 Eurus
850 608 884 635 2.
916 610 936 635 a
950 599 1082 644 Borea,
1109 595 1182 636 five
1195 594 1361 634 Caecias.

714 653 833 691 Eurus
849 662 885 703 3.
916 664 936 689 a
950 653 1078 690 Borea.

469 759 631 802 Cardin.
716 758 848 808 Eurus,
877 759 949 800 five
965 758 1202 800 Subsolanus.

715 815 834 853 Eurus
858 826 890 853 1.
920 816 967 852 ad
979 815 1170 852 Austrum.
1216 814 1218 817 ”

472 864 581 910 Med.
592 866 695 922 qu.
713 870 831 906 Eurus
848 880 883 906 2.
913 869 959 905 ad
972 868 1165 916 Austrum,
1195 867 1267 909 five
1280 869 1502 910 Vulturnus.

710 923 831 972 Eurus
847 932 883 974 3.
912 923 959 960 ad
973 923 1166 962 Austrum.

472 976 654 1018 Semicar.
707 976 973 1015 Euro-Auster.

710 1030 846 1069 Auster
864 1041 899 1069 1.
928 1032 974 1069 ab
989 1032 1105 1070 Euro.
1392 1033 1402 1036 ”’

469 1083 579 1126 Med,
591 1081 697 1138 Μιθ-
713 1084 847 1124 Auster
863 1097 900 1125 2.
928 1087 975 1124 ab
988 1087 1105 1135 Euro,
1131 1084 1203 1127 five
1216 1087 1449 1126 Phoenicias.

457 1142 459 1145 ’
715 1139 849 1179 Auster
865 1151 902 1193 3.
932 1142 978 1180 ab
991 1142 1106 1180 Euro.

364 1276 366 1279 -
471 1247 630 1289 Cardin.
712 1248 859 1298 Auster,
888 1247 960 1290 ssve
975 1249 1114 1290 Notus.

386 1320 389 1323 -
714 1304 848 1343 Auster
866 1316 900 1343 1.
929 1306 975 1343 ad
990 1305 1218 1356 Zephyrum.

474 1356 584 1398 Med.
594 1355 698 1412 qu.
713 1358 847 1397 Auster
864 1371 900 1398 2.
929 1360 975 1397 ad
990 1360 1221 1410 Zephyrum,
1249 1358 1320 1401 five
1333 1360 1557 1400 Libonotus.

713 1412 848 1451 Auster
863 1424 898 1465 3.
927 1415 973 1452 ad
990 1415 1219 1465 Zephyrum.

474 1463 657 1506 Semicar.
712 1467 1052 1522 Zephyro-Auster,
1079 1468 1151 1509 five
1163 1470 1263 1509 Libs.

716 1521 909 1572 Zephyrus
929 1535 960 1561 1.
991 1525 1037 1561 ab
1050 1523 1200 1562 Austro.

472 1573 581 1615 Med.
596 1572 702 1629 qu.
719 1577 911 1627 Zephyrus
929 1590 964 1616 2.
992 1579 1038 1616 ab
1051 1578 1203 1627 Austro,
1229 1577 1302 1619 five
1312 1579 1480 1620 Africus.

715 1632 909 1682 Zephyrus
925 1642 960 1684 3.
990 1633 1037 1670 ab
1051 1632 1202 1672 Austro.

474 1736 632 1776 Cardin.
716 1739 921 1790 Zephyrus,
949 1740 1020 1781 five
1036 1743 1228 1782 favonius.

718 1795 910 1844 Zephyrus
930 1807 962 1834 1.
992 1798 1037 1836 ad
1052 1798 1222 1836 Boream.

473 1843 698 1900 MdMaj.
716 1850 909 1899 Zephyrus
933 1861 967 1888 2.
997 1852 1042 1889 ad
1057 1853 1227 1900 Boream,
1254 1851 1325 1893 five
1342 1855 1483 1896 Corus:

717 1905 909 1954 Zephyrus
926 1917 960 1957 3.
989 1907 1037 1943 ad
1048 1907 1217 1946 Boream.

472 1949 653 1995 Semicar.
709 1958 1047 2008 Zephyro-Boreas.

709 2012 844 2050 Boreas
864 2024 897 2051 1.
926 2027 947 2052 a
961 2015 1166 2066 Zephyro;
1194 2016 1265 2057 five
1279 2019 1483 2058 Thrascias.
1530 2038 1533 2041 “

471 2060 582 2102 Med.
593 2062 697 2119 Maj.
712 2066 847 2105 Boreas
864 2079 898 2106 2.
928 2081 948 2107 a
963 2071 1153 2120 Zephyro,
1180 2071 1250 2112 five
1268 2073 1427 2113 Circius.

715 2121 849 2160 Boreas
864 2132 900 2174 3.
929 2136 949 2162 a
966 2125 1153 2176 Zephyro.

365 2223 497 2262 SUNT
520 2227 557 2264 &
579 2229 650 2265 alia
671 2239 873 2268 ventorum
897 2235 1066 2282 nomina,
1082 2233 1296 2287 Apeliotes,
1314 2234 1509 2291 Argestes,
1527 2238 1735 2293 Olympias,
1753 2241 1897 2295 Sciron,

312 2272 611 2339 Hellespoptzus,
627 2281 761 2334 Iapyx.
818 2287 870 2323 Ea
892 2288 947 2324 nil
967 2300 1171 2328 moramur.
1228 2292 1322 2328 Satis
1335 2291 1377 2330 fit
1391 2296 1550 2332 nomina
1564 2307 1766 2336 ventorum
1780 2313 1824 2338 ex
1837 2314 1898 2339 or-

311 2331 401 2367 dme
415 2333 451 2368 ὅ(
464 2333 719 2374 d1stributione
728 2340 917 2388 plagarum
928 2344 1025 2380 coeli
1034 2343 1103 2381 fixa
1111 2344 1333 2395 imposuiffe.
1359 2348 1362 2350 ’
1391 2349 1433 2385 In
1443 2350 1752 2399 interpretatione
1766 2356 1896 2394 autho-

311 2389 396 2421 rum
411 2397 491 2424 non
506 2388 668 2427 multum
681 2394 869 2442 ponimug
897 2408 984 2434 cum
998 2399 1039 2435 in
1054 2397 1136 2448 ipfis
1149 2399 1368 2440 authoribus
1381 2413 1513 2453 parum
1527 2403 1582 2444 fit.
1789 2398 1795 2419 ³

481 2551 999 2617 VENTI
1092 2524 1901 2656 LIBEsz'

805 2702 886 2751 Ad
933 2708 1269 2758 ARTreULUM
1311 2713 1388 2758 VI.

313 2778 345 2809 1.
361 2772 575 2879 NON
598 2778 763 2829 estplaga
782 2784 892 2829 coeli,
920 2786 1019 2824 unde
1041 2799 1172 2828 ventus
1194 2802 1275 2827 non
1295 2790 1430 2841 spiret:
1470 2798 1575 2849 Quin
1598 2796 1624 2835 fi
1649 2800 1772 2848 plagas
1794 2805 1893 2842 coeli

418 2884 424 2890 .
507 2843 547 2869 m
569 2842 628 2870 tot
649 2845 769 2883 partes
783 2837 934 2885 dividas,
961 2851 1055 2888 quot
1070 2843 1153 2882 sunt
1168 2846 1301 2896 gradus
1314 2848 1356 2884 in
1371 2849 1586 2900 horizonte,
1615 2845 1787 2894 invefiias
1805 2858 1904 2896 ven4

307 2889 366 2917 tos
381 2884 581 2932 ahquando
594 2889 728 2926 alicubi
749 2901 769 2927 a
782 2888 930 2941 fingulis
945 2893 1084 2935 flantes.
1874 2913 1875 2918 ’

357 2946 397 2998 v2.
430 2940 452 2975 S
462 2950 559 3001 uNT
581 2945 751 2991 regiones
761 2954 873 2993 totae,
889 2948 928 2984 in
945 2950 1076 2996 quibus
1090 2964 1170 2990 non
1184 2956 1291 3005 pluit,
1308 2967 1370 2995 aut
1384 2969 1469 2998 raro
1484 2961 1710 3001 admodum:
1738 2964 1794 3003 At
1809 2979 1891 3006 non

307 2989 391 3036 sunt
405 3002 587 3043 regrones,
616 2997 678 3034 ubi
694 3010 774 3036 non
788 2998 879 3038 flent
895 3005 1008 3050 venti,
1038 3007 1075 3043 ὅ(
1089 3007 1237 3057 saepius.

1646 3069 1896 3113 VENTI
