1973 3570
125 287 238 356 7148.

442 280 910 333 HISTORIA
944 277 1204 327 VITAE
1239 276 1337 324 ET
1372 274 1747 323 Mo-RTIS..

268 381 431 425 modum
452 381 589 430 opiata,
606 377 853 429 ,usurparetur
870 390 878 413 :
907 375 972 414 At.
989 374 1122 421 rursus,
1152 375 1240 423 quia
1261 373 1496 410 familiariter
1518 374 1555 409 ὅ(
1580 373 1619 409 in
1639 372 1738 410 victu
1755 372 1874 421 quoti-

270 439 387 477 diano
401 437 596 480 moderate
615 432 781 476 adhiberi
804 429 936 483 potest,
962 432 1080 470 etiam
1101 431 1219 479 longe
1241 429 1437 479 potentior
1464 427 1511 465 ad
1535 429 1873 477 prolongationem

273 496 371 535 vitae
399 492 459 539 est,
487 501 601 539 quam
616 501 680 540 per
697 490 833 537 opiata.

330 559 394 600 39.
423 549 745 585 REPRIGERAT
757 554 806 581 10
830 540 1039 593 spirituum,
1067 539 1109 578 fit
1137 537 1254 577 tribus
1290 538 1442 578 modiss
1484 547 1547 574 aut
1575 549 1642 589 per
1675 537 1880 587 respiratio-

275 616 366 649 nem
386 617 397 645 3
424 611 487 640 aut
506 613 571 651 per
590 610 766 649 vapores3
795 607 859 635 aut
878 609 943 647 per
962 598 1142 634 alimenta
1159 608 1168 631 z
1196 595 1322 632 Prima
1344 591 1486 643 optima
1507 592 1568 638 est,
1600 592 1662 629 sed
1682 592 1759 630 fere
1780 599 1881 632 extra

276 658 439 697 nostram
455 655 699 706 potestatem3
727 652 887 691 secunda
907 653 1021 691 etiam
1044 660 1191 701 potens-
1204 652 1241 687 ὅ(
1265 659 1393 686 tamen
1412 648 1553 698 praesto
1573 648 1622 684 cst
1637 665 1651 691 ,-
1680 649 1791 685 tertia
1819 650 1884 688 de-

278 715 364 752 bilis
384 715 420 751 &
442 723 507 761 per
526 711 719 749 circuitus,

333 778 401 817 40.
431 767 537 803 AER
565 762 738 813 limpidus
759 765 795 800 ὅ(
819 774 932 814 purus
964 764 1001 799 ὅ(
1021 761 1118 798 nihil
1132 759 1271 797 habens
1290 757 1471 806 fuliginis,
1500 768 1701 806 antequam
1736 757 1885 809 recipia*

281 834 344 862 tur
359 825 398 859 in
413 822 612 871 pulmones
627 821 663 855 ὃ(
679 818 804 855 minus
819 818 1006 854 obnoxius
1027 816 1137 851 radiis
1159 813 1257 860 solis,
1286 811 1432 862 spiritus
1454 814 1599 862 optime
1622 810 1777 850 densat.'
1814 816 1888 851 Ta·

282 880 329 916 lis
350 876 541 914 invenitur
564 882 627 910 aut
648 873 688 909 in
712 873 808 921 jugis
823 872 1016 908 montium
1043 867 1155 914 ssecis,
1183 878 1245 905 aut
1261 868 1302 904 in
1318 867 1577 919 campestribus
1591 868 1836 920 perflatilibus
1850 871 1889 907 δε

283 943 412 971 tamen
435 926 628 967 umbrosis.
1540 934 1543 935 ⁷

338 997 406 1035 41.
435 986 614 1035 Quom)
642 980 971 1031 refrigerationem
987 982 1023 1018 ὅ(
1044 977 1306 1017 densationem
1321 976 1520 1029 spirituum
1545 989 1612 1029 per
1640 989 1809 1029 vapores,
1838 989 1890 1017 ra·

284 1042 410 1079 dicem
431 1039 539 1085 hujus
567 1038 809 1087 operationis,
837 1036 1017 1087 ponimus
1036 1036 1078 1072 in
1097 1035 1216 1081 nitro,
1243 1031 1359 1071 veluti
1374 1042 1541 1070 creatura
1569 1032 1614 1069 ad
1638 1032 1714 1070 hoc
1736 1036 1887 1086 propria

284 1099 324 1138 ὃς
338 1095 454 1137 elesta
468 1111 483 1137 ,-
513 1093 569 1131 his
585 1090 636 1130 ufi
651 1094 688 1129 &
702 1089 861 1144 persuasi
875 1091 1036 1128 indiciis.

339 1160 407 1200 42·
439 1151 656 1187 NIRTUM
682 1147 730 1184 est
754 1156 937 1195 tanquam
960 1157 1091 1183 aroma
1117 1143 1325 1194 frigidum;
1353 1141 1466 1192 idque
1486 1143 1628 1180 indicat
1657 1141 1781 1181 sensus
1804 1143 1893 1194 ipse.

291 1205 450 1249 Mordet
473 1204 577 1241 enim
592 1203 629 1240 &
648 1211 768 1239 tentat
784 1201 951 1251 linguam
975 1203 1012 1238 ὃς
1033 1202 1199 1252 palatum
1214 1199 1377 1248 frigore,
1408 1208 1449 1235 ut
1470 1208 1636 1235 aromata
1662 1200 1786 1236 calore
1805 1212 1817 1241 3
1845 1210 1897 1237 at-

292 1273 366 1311 que
381 1261 479 1298 inter
493 1270 535 1295 ea
550 1269 643 1306 quae
658 1258 845 1303 novimus,
861 1257 1017 1294 unicum
1033 1255 1081 1292 est
1096 1257 1133 1292 ὅ(
1148 1253 1283 1301 solum,
1312 1253 1415 1302 quod
1432 1254 1505 1290 hoc
1519 1253 1684 1305 praestet.
1768 1292 1772 1295 μ

345 1325 412 1365 43.
443 1315 658 1351 FR101DA
687 1312 765 1349 fere
790 1312 934 1358 onmia,
973 1311 1090 1359 (quae
1115 1308 1201 1347 sunt
1225 1310 1378 1361 proprie
1404 1308 1552 1358 frigida,
1594 1320 1676 1345 non
1706 1321 1772 1360 per
1806 1310 1900 1346 acci—

292 1370 398 1417 dens,
427 1379 468 1412 ut
492 1366 653 1420 opium,)
681 1367 820 1405 habent
835 1366 1006 1419 spiritum
1022 1366 1157 1402 exilem
1173 1367 1209 1402 &
1228 1375 1387 1413 paucum
1401 1380 1414 1406 ς
1444 1374 1579 1400 contra
1604 1362 1794 1412 spirituosa
1815 1365 1900 1401 sunt

294 1426 427 1464 omnia
446 1423 523 1461 fere
543 1423 670 1460 calida.
728 1423 861 1459 Solum
877 1422 1068 1459 invenitur
1086 1421 1232 1457 nitrum
1253 1421 1292 1455 in
1316 1429 1446 1455 natura
1473 1418 1685 1467 vegetabili,
1713 1419 1816 1467 quod
1834 1419 1901 1468 spi-

295 1482 373 1518 ritu
401 1478 564 1516 abundet
593 1480 630 1515 &
657 1487 785 1514 tamen
813 1474 855 1513 fit
875 1475 1067 1525 frigidum.
1123 1476 1227 1512 Nam
1256 1474 1416 1525 caphura
1445 1485 1540 1521 quae
1564 1473 1613 1509 est
1641 1472 1836 1523 spirituosa
1864 1477 1902 1511 &

296 1546 425 1575 tamen
441 1533 516 1571 edit
533 1533 696 1570 astiones
711 1531 852 1581 frigidi,
881 1531 1074 1580 refrigerat
1089 1541 1155 1579 per
1170 1527 1338 1566 accidens
1356 1538 1506 1566 tantum
1522 1545 1536 1570 ,-
1566 1540 1705 1577 nempe
1719 1531 1903 1566 tenuitate

297 1589 372 1638 sua,
401 1587 537 1637 absque
559 1588 776 1633 acrimonia,
804 1585 968 1632 juvando
986 1582 1306 1635 perspirationem,
1334 1582 1373 1620 in
1389 1581 1758 1621 inflammationibus.

350 1654 418 1694 44.
447 1645 500 1680 IN
525 1642 791 1691 congelatione
806 1643 843 1678 ὅ(
857 1642 1158 1691 conglaciatione
1177 1641 1383 1687 liquorum,
1399 1650 1493 1688 quae
1504 1650 1622 1690 nuper
1638 1641 1763 1688 coepit
1778 1638 1849 1675 esse
1863 1639 1905 1675 in

300 1699 379 1746 usu,
407 1710 473 1750 per
501 1698 630 1736 nivem
653 1699 690 1734 &
712 1697 871 1746 glaciem
893 1697 940 1733 ad
963 1696 1146 1733 exteriora
1168 1693 1254 1733 vasis
1269 1692 1444 1746 apposita,
1473 1691 1705 1731 immiscetur
1733 1695 1905 1734 nitrum;

302 1765 414 1803 atque
435 1752 686 1803 proculdubio
715 1752 848 1788 excitat
877 1753 914 1788 ὅ(
937 1751 1092 1788 roborat
1117 1751 1451 1799 congelationem3
1479 1760 1610 1786 verum
1637 1749 1697 1795 est,
1727 1750 1841 1785 etiam
1866 1760 1906 1785 u·

305 1810 443 1858 surpari
466 1808 512 1844 ad
540 1807 615 1844 hoc
639 1806 752 1843 salem
772 1807 922 1855 nigrum
947 1817 1207 1852 communem,
1236 1806 1301 1853 qui
1316 1806 1441 1854 potius
1464 1803 1691 1840 activitatcm
1717 1803 1816 1840 indit
1844 1802 1908 1840 fri·

303 1866 388 1914 gori
413 1862 537 1908 nivali,
567 1873 680 1910 quam
695 1873 759 1913 per
780 1860 816 1898 se
840 1860 1032 1910 infrigidat
1053 1873 1064 1901 ;
1093 1860 1168 1907 sed,
1196 1870 1236 1897 ut
1258 1861 1395 1911 accepi,
1424 1860 1462 1895 in
1479 1859 1696 1908 regionibus
1723 1859 1916 1895 calidiori-r

306 1921 385 1966 bus,
413 1919 477 1955 ubi
493 1919 555 1954 nix
571 1929 652 1954 non
673 1917 783 1964 cadit,
812 1916 853 1954 fit
874 1916 1125 1966 conglaciatio
1148 1927 1170 1952 a
1197 1915 1301 1952 nitro
1316 1914 1399 1952 solo
1415 1932 1429 1958 ς
1458 1912 1520 1951 scd
1541 1914 1615 1951 hoc
1629 1914 1725 1951 mihi
1740 1924 1909 1963 comper·

308 1985 393 2012 tum
407 1985 488 2011 non
503 1971 562 2009 est.

359 2039 427 2078 45.
457 2029 639 2065 PULv1s
665 2028 803 2079 pyrius,
832 2028 897 2076 qui
926 2027 1122 2077 praecipue
1150 2026 1290 2064 constat
1319 2038 1362 2063 ex
1377 2023 1491 2071 nitro,
1520 2023 1736 2074 perhibetur
1762 2033 1909 2075 epotus,

308 2083 521 2122 conducere
545 2082 591 2119 ad
618 2081 894 2130 fortitudinem,
924 2085 961 2120 δε
988 2081 1153 2132 usurpari
1175 2094 1196 2119 a
1224 2083 1346 2119 nautis
1374 2080 1642 2132 saepenumero
1668 2081 1705 2116 ὃς
1728 2079 1912 2116 militibus

311 2148 398 2177 ante
422 2138 576 2188 proelia,
607 2138 932 2185 quemadmodum
950 2151 972 2174 a
991 2139 1126 2175 Turcis
1155 2139 1298 2187 opium.

361 2194 428 2242 46.
458 2194 494 2229 D
505 2203 634 2229 ATUR
662 2192 822 2230 feliciter
837 2195 982 2230 nitrum
997 2194 1038 2230 in
1058 2192 1279 2230 causonibus
1295 2194 1332 2229 &
1347 2191 1511 2229 febribus
1525 2187 1838 2240 pestilentialibus,
1866 2190 1912 2227 ad

312 2247 509 2287 leniendos
525 2248 562 2284 ὅ(
575 2245 800 2284 fraenandos
815 2248 965 2285 ardores
980 2259 1110 2285 earum
1129 2246 1371 2298 perniciosos.

364 2312 430 2352 47.
462 2302 950 2340 MAN1FEsrlss1MUM
976 2303 1025 2339 est
1053 2304 1198 2340 nitrum
1228 2304 1269 2339 in
1288 2303 1441 2354 pulvere
1464 2300 1573 2350 pyrio
1601 2311 1834 2350 magnopere
1858 2311 1915 2337 ex-

312 2357 467 2395 horrere
482 2356 673 2393 flammam
688 2371 699 2399 3
728 2358 828 2395 unde
843 2357 885 2395 fit
904 2357 1133 2395 admirabilis
1148 2359 1211 2394 illa
1224 2354 1421 2394 ventositas
1436 2358 1473 2392 ὅ(
1487 2350 1692 2392 exufflatio.

369 2410 436 2460 48.
468 2412 505 2447 N
519 2421 682 2447 ITRUM
708 2412 998 2461 deprehenditur
1024 2412 1092 2450 effe
1112 2414 1230 2450 veluti
1257 2411 1405 2460 spiritus
1423 2420 1541 2448 terrae
1558 2424 1567 2446 z
1595 2411 1747 2447 Etenim
1763 2405 1919 2447 certissi-

319 2477 427 2503 mum
447 2464 507 2510 est,
542 2476 806 2514 quamcunque
833 2477 971 2505 terram
999 2467 1088 2504 licet
1115 2477 1260 2517 puram,
1297 2477 1421 2514 neque
1448 2463 1596 2502 nitrosis
1624 2465 1840 2510 admixtam,
1870 2463 1920 2501 ita

320 2521 591 2558 accumulatam
614 2522 652 2558 ὅ(
676 2521 824 2568 tectam,
852 2532 893 2560 ut
924 2520 1103 2560 immunis
1118 2519 1160 2558 sit
1175 2533 1195 2558 a
1210 2521 1319 2558 radiis
1334 2519 1433 2567 solis,
1462 2532 1585 2569 neque
1602 2521 1749 2557 emittat
1764 2519 1921 2568 aliquod

320 2574 540 2625 vegetabile,
568 2576 749 2626 colligere
776 2577 890 2613 etiam
905 2577 987 2614 satis
1002 2576 1153 2629 copiose
1168 2577 1312 2614 nitrum
1327 2589 1338 2616 ;
1366 2576 1467 2613 unde
1482 2576 1600 2624 liquet
1616 2574 1788 2624 spiritum
1815 2576 1920 2621 nitri,

322 2642 405 2668 non
423 2638 572 2667 tantum
588 2628 729 2680 spiritui
743 2633 977 2680 animalium,
1004 2643 1136 2671 verum
1151 2630 1262 2669 etiam
1279 2630 1423 2683 spiritui
1438 2630 1706 2680 vegetabilium
1729 2629 1799 2667 effe
1826 2629 1922 2666 infe—

322 2696 475 2723 norem.

375 2751 444 2789 49.
473 2740 746 2778 ANIMALIA
776 2752 871 2789 quae
893 2750 1027 2791 potant
1054 2753 1098 2780 ex
1129 2753 1224 2791 aqua
1251 2740 1407 2788 nitrosa,
1438 2739 1635 2777 manifesto
1661 2739 1922 2789 pinguescunt,

325 2795 432 2843 quod
451 2793 597 2845 signum
617 2794 805 2844 estfrigidi
831 2797 946 2833 nitro.
1182 2825 1185 2827 Α
1207 2811 1210 2813 “

383 2860 445 2899 50.
474 2852 818 2888 IMPINGUATIO
845 2850 915 2888 soli
931 2852 1092 2889 maxime
1106 2851 1147 2890 fit
1167 2863 1188 2890 a
1209 2849 1361 2888 ‘nitrosis
1383 2865 1392 2888 ι
1420 2850 1547 2887 omnis
1576 2850 1680 2886 enim
1706 2846 1925 2886 stercorant>

326 2904 376 2942 est
391 2903 550 2946 nitrosa3
577 2915 688 2953 atque
702 2904 775 2941 hoc
790 2903 936 2955 signum
950 2906 999 2943 est
1019 2906 1165 2955 spiritus
1179 2908 1220 2944 in
1237 2907 1351 2943 nitro.
1404 2934 1408 2937 -

353 2991 356 2994 .
389 2970 451 3008 51.
480 2961 543 2997 Ex
565 2959 622 2997 his
649 2969 748 3009 patet
769 2959 912 3011 spiritus
934 2959 1120 2999 humanos
1134 2958 1395 3013 pei-sspiritum
1418 2959 1509 2996 nitri
1523 2957 1642 3010 Lp'oss'e
1658 2955 1866 3007 infrigidari
1888 2958 1926 2995 &

328 3014 500 3055 densari3
529 3017 567 3053 ὅ(
589 3014 670 3052 fieri
683 3016 802 3062 magis
826 3015 961 3052 crudos
981 3017 1024 3053 δε-
1037 3017 1163 3053 minus
1182 3025 1308 3064 acresss
1331 3013 1671 3066 'Quemadmodum
1701 3013 1814 3061 igitur
1839 3014 1927 3049 vina

330 3068 454 3115 fortia,
482 3071 519 3106 ὅ(
547 3079 726 3115 aromata,
755 3071 792 3106 ὅ(
817 3067 949 3106 similia
975 3068 1119 3119 spiritus
1142 3070 1364 3115 incendunt,
1380 3069 1566 3106 &viram
1599 3068 1841 3107 abbreviant3
1869 3066 1927 3104 rita

331 3125 370 3160 ὅ(
402 3125 546 3161 nitrum
573 3135 594 3162 e
627 3122 810 3163 converso
842 3124 930 3163 illos
957 3125 1158 3175 componit
1187 3126 1224 3162 &
1249 3124 1484 3176 comprimit,
1520 3125 1557 3160 δῑ
1585 3122 1672 3161 facit
1701 3122 1745 3159 ad
1775 3123 1925 3170 longae·

329 3179 495 3217 vitatem.
534 3221 541 3226 ,
559 3209 565 3213 .
1723 3187 1787 3227 52.
1815 3176 1928 3216 Usus
