1973 3570
236 203 330 251 DE
378 198 1109 252 INTERPRETATIONE
1153 192 1537 256 NATURAE.

109 314 222 355 eaque
237 313 314 340 tarn
341 300 811 352 copiosa&annuet-laria,
843 301 892 338 nil
923 303 1163 352 cogitaturos.
1222 304 1337 355 Quod
1368 303 1391 341 si
1416 304 1498 353 quis
1520 303 1630 343 etiam
1660 296 1706 346 de

107 361 223 395 vermi
253 359 408 395 verbum
432 358 584 404 aliquod
613 355 790 403 emisisset,
821 356 982 394 ludibrio
1000 368 1098 394 certe
1118 358 1286 395 futurum
1301 359 1423 396 fuisse:
1456 363 1568 410 utqui
1592 370 1704 400 novas

107 424 320 450 aranearum
342 424 470 463 operas
487 410 696 448 somniaret.
753 414 877 464 Quare
894 412 1051 449 eandem
1080 415 1116 449 ἀ
1146 425 1292 460 eorum,
1321 426 1415 462 qime
1442 414 1475 450 in
1500 413 1575 452 finn
1601 428 1703 454 natu-

105 479 166 505 rae
181 468 300 505 adhuc
316 465 506 504 recondita
523 467 617 512 sunt,
646 479 779 515 magna
802 480 843 503 ex
862 478 976 515 parte,
1006 468 1193 504 rationem
1210 468 1290 514 ess‘e,
1322 479 1362 505 ut
1393 469 1592 506 hominum
1616 473 1702 508 inm--

105 522 314 571 ginationes
338 525 373 559 ὃς
396 523 738 558 commentationes
767 521 909 570 fugiant
939 523 974 558 δε
1009 522 1149 559 fallant.
1207 521 1332 571 Itaque
1365 521 1411 560 fic
1440 525 1638 573 cogitabat,
1678 525 1702 563 ii

104 578 208 622 cujus
224 577 324 628 spem
340 577 385 613 de
402 579 508 613 novis
525 576 683 612 inventis
698 576 882 622 cohibeat,
912 577 1015 624 quod
1031 571 1174 628 sumpta
1199 579 1299 614 exiis
1324 590 1417 627 quae
1445 578 1586 630 praesto
1615 580 1700 617 sunt

103 634 326 678 comestura,
355 644 396 668 ea
411 641 472 668 aut
488 627 736 682 impossibilia,
765 641 826 668 aut
842 629 965 668 minus
984 630 1188 668 verisimilia
1204 643 1319 681 putet,
1345 645 1430 670 cum
1448 633 1534 671 scire
1553 634 1699 681 debere,

104 687 140 724 st:
172 700 251 724 non
276 685 355 723 satis
386 686 541 723 doctum
570 698 617 722 ne
648 687 691 722 ad
722 686 929 735 optandum
953 687 1106 734 quidem
1134 688 1340 725 commode
1375 691 1409 725 C<
1435 687 1595 740 apposite
1618 689 1698 727 ess‘e.

104 742 176 779 Sed
193 742 314 779 rursus
332 740 527 790 cogitabat,
558 740 626 776 cii'e
656 753 696 777 ex
722 742 797 785 jam
831 740 988 778 inventis
1016 743 1096 787 alia,
1140 741 1300 779 diversae
1328 745 1364 779 &
1392 743 1469 781 fere
1498 743 1702 781 contrariae

104 807 266 843 naturae,
296 809 387 845 quae
416 795 529 832 tidem
563 795 710 841 saciant,
739 796 837 845 polie
865 808 981 845 genus
1008 796 1216 833 humanum
1244 796 1383 834 nobilia
1409 800 1558 836 inventa
1588 799 1700 836 ctiam

102 861 188 888 ante
215 852 324 903 pedes
348 849 463 900 posita
480 849 674 899 praeterire
695 853 731 887 ὃ(
760 850 1020 888 transmittere
1078 852 1288 901 Utcunque
1309 855 1412 889 enim
1437 855 1596 902 pulveris
1625 865 1698 890 tor-

101 906 287 953 mentarii‚
316 907 372 942 vel
388 905 439 942 tili
455 906 687 954 bombycini‚
718 907 773 942 vel
795 918 877 942 aeus
900 905 1076 952 nauticae,
1115 908 1170 943 vel
1202 907 1367 953 sacchari,
1398 912 1454 945 vel
1482 907 1611 945 similia
1648 908 1700 946 in'-

101 972 211 998 venta
231 960 453 1011 quibusdam
476 973 598 997 rerum
620 962 654 997 &
671 971 820 997 naturae
842 960 1126 1012 proprietatibus
1149 961 1219 999 niti
1241 963 1456 1004 videantur3
1485 962 1700 1013 imprimen-

101 1016 141 1053 di
170 1027 268 1054 certe
291 1027 409 1054 artem
433 1015 528 1052 nihil
557 1015 700 1061 habere,
735 1016 836 1063 quod
857 1028 937 1052 non
964 1014 1003 1052 lit
1026 1027 1207 1067 apertum,
1238 1020 1274 1054 <Se
1297 1018 1374 1055 fere
1403 1017 1569 1065 obvium,
1600 1021 1635 1054 &
1656 1031 1699 1056 ex

100 1078 208 1109 antea
227 1072 325 1109 notis
345 1069 562 1108 conflatum.
621 1072 748 1107 Solcrc
764 1081 888 1107 autem
903 1080 1070 1107 mentem
1086 1071 1289 1108 humanam
1314 1075 1354 1109 in
1382 1073 1456 1110 hoc
1471 1072 1699 1110 inventionis

100 1129 301 1173 curriculo,
333 1137 409 1163 tam
434 1127 575 1162 laevam
601 1127 636 1160 ἃ
653 1126 748 1161 male
768 1123 1016 1173 coanposttam
1031 1125 1111 1171 effe,
1141 1137 1181 1162 ut
1202 1125 1239 1163 in
1255 1127 1447 1164 nonnullis
1463 1130 1587 1178 primo
1603 1125 1698 1166 diffi-

99 1181 174 1228 dat,
204 1183 240 1218 ὃ(
264 1194 345 1219 non
371 1181 496 1217 multo
519 1179 598 1230 post
626 1179 661 1216 se
685 1191 922 1216 contemnat:
952 1191 1061 1227 atque
1091 1181 1218 1231 primo
1247 1180 1459 1218 incredibile
1483 1183 1610 1228 videri,
1639 1183 1700 1219 ali-

100 1236 191 1284 quid
210 1238 282 1273 talc
310 1234 465 1273 inveniri
488 1234 610 1285 porse:
640 1233 832 1285 postquam
863 1245 987 1270 autem
1014 1235 1213 1272 inventum
1241 1234 1294 1282 iit,
1324 1236 1445 1274 rursus
1477 1237 1696 1274 incredibile

98 1290 226 1338 videri,
255 1291 290 1328 id
321 1289 494 1328 homines
521 1299 598 1325 tam
616 1290 681 1326 diu
710 1290 837 1338 sugere
866 1289 1033 1340 potuiss'e;
1093 1289 1223 1338 Atque
1243 1291 1316 1327 hoc
1332 1290 1450 1342 ipsum
1473 1304 1624 1340 quoque
1649 1293 1694 1329 ad

98 1345 200 1396 spem
223 1346 402 1391 trahebar,
441 1343 616 1395 superesse
647 1343 826 1380 nimirum
858 1345 977 1381 adhuc
1005 1351 1188 1394 magnum
1214 1347 1457 1384 inventorum
1488 1348 1696 1393 cumulum,

97 1403 258 1449 quinon
286 1401 408 1438 solum
430 1411 472 1436 cx
495 1399 777 1447 operationibus
806 1398 1006 1448 incognitis
1035 1400 1218 1446 eruendis,
1247 1400 1308 1438 sed
1325 1403 1360 1438 ὅ(
1376 1414 1418 1438 ex
1440 1403 1515 1450 jam
1537 1402 1698 1451 cognitis

98 1456 361 1493 transferendis
385 1458 421 1493 ὅ(
446 1453 672 1505 applicandis
695 1453 826 1490 deduci
854 1451 977 1505 polilt.
1034 1454 1155 1491 Etiam
1186 1454 1246 1493 illa
1273 1455 1428 1506 auspicia
1461 1467 1502 1494 ut
1528 1457 1628 1494 bona
1660 1460 1697 1494 δε

96 1513 192 1548 lacta
204 1510 354 1561 accepit,
383 1521 476 1560 quae
501 1511 539 1545 in
569 1509 707 1545 artibus
736 1508 957 1545 mechanicis
982 1506 1199 1556 observavit,
1238 1521 1350 1558 atque
1373 1523 1509 1549 eorum
1526 1511 1696 1559 fiiccess'n,

100 1565 315 1618 pracsertim
342 1566 386 1603 ad
412 1563 686 1617 philosophiam
710 1570 947 1614 comparato:
984 1564 1097 1601 Artes
1124 1563 1227 1601 enim
1251 1566 1482 1603 mechanicas
1516 1576 1557 1603 ut
1589 1579 1698 1604 aurae

96 1620 286 1667 cujusdam
314 1619 430 1658 vitalis
460 1620 667 1670 participes,
697 1617 865 1666 quotidie
892 1618 1050 1656 creseere
1079 1622 1116 1656 ὅς
1144 1618 1286 1668 perfici5
1316 1620 1590 1673 philosophiam
1605 1625 1697 1659 vero'

96 1676 228 1714 statuae
256 1688 364 1713 more
392 1673 536 1712 adorari
556 1676 592 1710 &
620 1675 807 1720 celebrari,
837 1686 907 1710 nec
934 1673 1089 1711 moveri.
1148 1675 1279 1723 Atque
1307 1677 1386 1712 illas
1414 1675 1452 1712 in
1481 1675 1607 1727 primis
1634 1690 1695 1714 au—

95 1730 266 1769 thoribus
292 1731 398 1768 rudes
414 1732 450 1768 &
477 1730 554 1766 fere
575 1729 756 1766 informes
783 1741 826 1765 ae
840 1729 1012 1766 onerosas
1033 1728 1066 1766 se
1087 1729 1296 1767 ostendere:
1325 1730 1447 1780 postea
1462 1743 1577 1769 novas
1598 1731 1695 1769 vires

96 1787 439 1824 &commoditates
453 1783 608 1836 adipisci„
663 1785 771 1821 Hanc
785 1795 911 1821 autem
935 1783 974 1820 in
999 1785 1125 1833 primo
1162 1796 1314 1834 quoque
1343 1786 1498 1823 authore
1536 1785 1696 1824 maxime

95 1839 219 1890 vigere
252 1853 293 1878 ac
324 1839 496 1889 deinceps
520 1840 719 1876 declinare.
775 1841 910 1890 Neque
936 1840 1048 1875 aliam
1071 1839 1178 1886 hujus
1203 1840 1380 1877 contrarii
1407 1840 1579 1878 successus
1613 1853 1694 1879 cau-

95 1894 172 1932 sam
191 1895 376 1934 veriorem
396 1895 476 1941 ess'e,
505 1906 619 1942 quam
647 1895 750 1943 quod
780 1896 820 1930 in
847 1893 1073 1931 mechanicis
1099 1896 1310 1932 multorum
1328 1894 1476 1945 ingenia
1504 1894 1542 1932 in
1570 1909 1693 1933 unum

95 1953 262 1992 coe'unt3
290 1952 331 1988 in
346 1948 578 2003 philosophia
598 1960 722 1986 autem
751 1947 985 1999 singulorum
1009 1948 1159 1999 ingenia
1188 1950 1233 1986 ab
1254 1963 1333 1987 uno
1356 1953 1535 2000 quopiam
1561 1951 1694 1989 destru-

95 2015 221 2043 untur.
279 2007 381 2045 Nam
410 2006 607 2057 postquam
635 2004 798 2042 dedititii
816 2004 901 2040 facil
921 2003 1018 2051 sunt,
1046 2003 1332 2055 amplitudinem
1362 2018 1443 2043 non
1458 2006 1604 2052 addere,
1633 2006 1695 2043 sed

94 2061 136 2098 in
157 2073 236 2098 uno
264 2062 439 2098 ornando
467 2071 529 2097 aut
551 2059 717 2109 stipando
744 2058 864 2096 servili
889 2055 1019 2107 officio
1039 2058 1220 2109 occupari.
1277 2061 1403 2113 Quare
1431 2073 1589 2098 omnem
1614 2061 1692 2112 phi*>

94 2115 304 2167 losophiam
333 2117 379 2153 ab
393 2113 637 2167 experientiae
653 2114 842 2161 radicibus,
873 2126 915 2151 ex
943 2113 1075 2165 quibus
1095 2114 1258 2165 primum
1286 2115 1479 2166 pullulavit
1513 2118 1550 2152 &
1577 2115 1693 2153 incre-

10 2186 14 2190 ·
54 2198 55 2201 ¹
95 2181 268 2209 mentum
283 2173 392 2221 cepit,
422 2169 595 2216 avulsam,
619 2181 698 2206 rem
721 2180 911 2207 mortuam
940 2169 1020 2207 efl‘e;
1075 2171 1206 2219 Atque
1235 2170 1302 2207 hac
1331 2170 1559 2220 cogitatione
1579 2182 1693 2207 arrec-

95 2236 168 2272 tus,
196 2225 307 2263 etiarn
335 2227 426 2264 iilud
458 2223 624 2267 notavit5
654 2225 843 2262 facultates
863 2223 1050 2263 artium&
1079 2225 1315 2262 scientiarum
1343 2237 1406 2262 aut
1427 2224 1616 2276 empiricas
1632 2235 1695 2262 aut

95 2283 294 2318 rationales
309 2280 378 2319 five
401 2280 670 2332 philosophicas
686 2282 864 2316 omnium
883 2279 1065 2316 consensu
1089 2280 1176 2316 ess'e:
1205 2280 1268 2317 has
1288 2290 1413 2317 autem
1437 2280 1472 2316 sc
1501 2291 1580 2316 non
1597 2281 1692 2317 bene

96 2335 216 2373 adhuc
231 2336 438 2373 commiss'as
463 2338 499 2372 &
519 2337 706 2387 copulatas
726 2333 858 2370 videre.
914 2333 1118 2385 Empiricos
1146 2333 1249 2370 enim
1262 2334 1448 2371 'formicae
1468 2346 1575 2371 more
1603 2347 1692 2372 eon-

95 2402 223 2439 gerere
237 2401 385 2428 tantum
402 2393 520 2428 &urit
552 2390 747 2427 rationales
770 2399 895 2426 autem
916 2401 1130 2425 aranearum
1159 2400 1267 2426 more
1290 2391 1382 2425 telas
1405 2398 1446 2426 ex
1476 2389 1512 2426 se
1532 2389 1690 2426 confice-

95 2457 146 2482 re.
201 2446 295 2498 Apis
310 2458 399 2483 vero
417 2446 604 2483 rationem
624 2444 786 2482 mediam
801 2444 881 2489 eisc,
911 2456 1003 2491 quae
1027 2445 1220 2481 materiam
1237 2456 1279 2480 ex
1305 2444 1461 2481 floribus
1485 2453 1562 2481 tam
1591 2445 1691 2482 horti

94 2511 209 2550 qnam
229 2503 306 2550 agri
321 2503 455 2547 eliciat,
489 2501 548 2537 sed
566 2513 646 2537 cam
669 2499 780 2536 etiam
795 2497 940 2548 propria
957 2500 1128 2536 iacultate
1150 2509 1265 2536 vertat
1286 2502 1320 2536 ὃς
1345 2500 1498 2548 digerat.
1555 2501 1693 2548 Neque

94 2553 258 2593 absimile
273 2568 378 2593 verae
406 2556 662 2605 philosophiae
690 2554 882 2604 opificium
911 2553 1001 2594 esi'e3
1030 2566 1123 2602 quae
1152 2566 1194 2590 ex
1214 2553 1360 2592 historia
1386 2555 1544 2591 naturali
1565 2557 1599 2591 ὅ(
1615 2567 1693 2591 mc·

94 2610 255 2648 chanicis
283 2608 543 2662 experimentis
572 2609 774 2660 praebitam
802 2610 999 2645 materiam
1035 2621 1116 2646 non
1144 2611 1184 2646 in
1207 2611 1394 2646 memoria
1417 2610 1601 2659 integram
1630 2609 1692 2646 scd

95 2666 136 2702 in
151 2664 340 2703 inteilestu
365 2676 546 2703 mutatam
576 2669 612 2703 <Se
628 2665 812 2702 abactam
828 2665 988 2712 reponit.
1044 2665 1181 2712 Neque
1201 2663 1236 2700 se
1256 2663 1406 2710 nescire,
1435 2664 1503 2700 csse
1519 2677 1561 2701 ex
1576 2666 1692 2715 empi-

95 2721 262 2758 ricorum
282 2733 454 2767 numero,
485 2719 548 2768 qui
572 2720 607 2757 se
630 2732 710 2757 non
737 2731 840 2755 mere
865 2717 1062 2767 empiricos
1085 2719 1212 2756 haberi
1235 2721 1382 2765 volunt,
1412 2721 1448 2756 ὃς
1471 2732 1513 2756 ex
1536 2720 1691 2768 dogma-

93 2774 186 2822 ticis,
212 2774 276 2824 qui
307 2776 343 2812 se
367 2775 406 2812 in
436 2774 659 2825 experientia
685 2773 879 2811 industrios
903 2776 938 2810 ὃ(
957 2773 1179 2825 perspicaces
1194 2775 1309 2812 videri
1337 2775 1528 2811 ambiunt:
1558 2784 1691 2810 verum

90 2830 185 2867 ‘hacc
213 2830 314 2867 fuisse
343 2833 378 2868 δ(
399 2830 468 2868 effe
490 2830 728 2879 quorundam
749 2828 950 2866 hominum
969 2827 1132 2875 artificia,
1161 2828 1468 2866 existimationem
1490 2829 1689 2879 quandam,

95 2895 140 2922 ut
169 2887 343 2922 alteruter
371 2887 411 2922 in
431 2885 491 2922 sua
520 2885 612 2922 secta
635 2885 813 2922 excellere
843 2882 1017 2930 videatur,
1047 2883 1293 2933 captantium:
1323 2896 1448 2922 revera
1475 2893 1600 2920 autem
1629 2882 1689 2918 ha—

97 2951 182 2976 rum
209 2940 427 2978 facultatum
450 2938 606 2976 divortia
634 2942 671 2976 &
699 2939 777 2976 fere
805 2938 892 2975 odia
921 2937 1063 2988 semper
1088 2939 1246 2976 valuisse.
1303 2941 1428 2992 Qiare
1464 2950 1505 2973 ex
1533 2937 1688 2973 arffiore

95 3006 222 3031 earum
251 2997 288 3032 <Sc
318 2995 498 3032 sanctiore
522 2995 674 3032 foedere
695 2992 823 3030 onmia
839 2992 948 3029 fausta
973 2992 1143 3032 &felicia
1163 2994 1336 3043 portendi
1351 2993 1512 3043 putabat.
1569 2990 1690 3028 Etiam

96 3048 188 3086 illud
208 3048 366 3087 libenter
381 3049 493 3088 vidit:
522 3049 735 3087 intuebatur
750 3059 886 3099 nempe
903 3047 1063 3085 infinitas
1078 3048 1232 3098 ingenii,
1260 3046 1450 3097 temporis,
1471 3045 1690 3082 facultatum

96 3102 276 3152 expensas,
308 3116 401 3153 quas
424 3105 599 3142 homines
620 3103 659 3141 in
679 3105 789 3142 rebus
805 3105 844 3140 δε
868 3101 991 3140 studiis
1020 3101 1060 3152 <fi
1088 3103 1168 3155 quis
1189 3116 1272 3144 vere
1303 3099 1459 3150 judicet)
1498 3100 1691 3138 inutilibus

151 3159 216 3197 Vo
227 3170 264 3195 L„
279 3159 325 3196 11.
838 3159 874 3195 N
893 3170 918 3194 n
1580 3155 1696 3191 collo*
