1973 3570
268 192 738 248 HISTORIA
790 205 1508 255 DENSIETRARI.
1748 233 1809 275 7¹)

76 305 172 336 «Π.
204 299 503 336 FORMELL'AE
518 310 764 351 praegnantes
779 310 928 338 tument
945 302 1182 348 mammillas,
1214 303 1333 340 lasteo
1349 303 1487 341 seilicet
1504 305 1663 344 humore
1687 329 1690 335 -

56 364 258 404 turgente&

70 423 76 426 ·
113 415 176 446 12ί
207 410 376 446 GLANS
398 411 521 460 virgae
548 411 586 447 in
614 409 795 457 masculis,
825 422 912 448 cum
936 412 1112 459 arrigitur
1138 413 1179 449 in
1204 422 1396 459 venerem,
1426 414 1593 451 multum
1617 417 1669 452 di<

59 467 191 502 latatur
208 465 324 501 mole.

116 530 174 570 13.
205 521 398 556 lemce
424 521 463 557 in
480 519 684 573 speculum,
715 522 750 557 ὃ(
771 530 863 557 nota
888 519 1127 557 latitudinem
1143 521 1335 570 utriusque
1360 524 1462 560 oculi
1483 524 1666 574 pupillam

56 576 143 612 dein
170 575 299 612 claude
321 576 479 611 alterum
504 576 682 615 oculum3
713 577 749 612 δε
775 575 916 612 videbis
940 576 1121 626 pupillam
1142 578 1243 613 oculi
1264 579 1379 625 aperti
1402 578 1592 614 manifeste
1616 580 1667 614 di-

59 632 222 676 latatam,
254 629 439 679 spiritibus
456 633 519 678 qui
537 631 688 678 utrique
703 631 819 667 oculo
835 630 1083 667 inserviebant
1100 633 1139 667 in
1161 643 1279 668 unum
1297 633 1588 669 confluentibus.

115 695 175 734 14.
208 687 379 722 RIMAE
400 686 606 733 globorum
627 684 870 731 lusoriorum,
901 687 937 721 δε
959 682 1128 722 similiter
1150 687 1341 735 lignorum
1360 689 1533 734 aliorum,
1565 700 1585 724 a
1609 685 1667 724 sic-

55 742 166 777 citate
189 740 417 785 conti-astae,
445 752 512 792 per
538 736 826 786 immissionem,
856 743 892 777 ὃ(
913 752 1062 777 moram
1089 742 1317 778 nonnullam
1341 744 1381 779 in
1407 754 1512 791 aqua,
1543 745 1579 780 ὅ(
1601 744 1666 779 im-

58 796 284 832 bibitionem
300 792 407 846 ipsius
426 806 554 844 aquae,
582 796 790 847 implentur
805 798 841 832 δε
857 794 1151 833 consolidantur.

111 860 172 899 15.
202 851 290 886 EST
317 862 434 900 genus
464 851 657 899 quoddam
683 850 804 899 fungi,
843 852 908 899 qui
935 850 1109 887 excrescit
1136 864 1177 888 cx
1205 852 1350 899 arbore,
1390 865 1504 901 quem
1529 864 1666 891 vocant

53 905 259 942 auriculam
274 904 421 957 judaei,
452 908 516 954 qui
538 905 718 943 immissus
734 906 774 942 in
798 917 934 954 aquam
954 917 1184 957 magnopere
1200 905 1435 945 intumescit:
1466 908 1568 957 quod
1585 921 1667 946 non

54 959 142 998 facit
163 959 329 1011 spongia,
359 970 421 997 aut
437 962 531 998 lana.

65 1024 67 1026 ·
107 1014 315 1053 Connexio.
345 1014 522 1068 ATQJ‘E
534 1015 581 1052 de
597 1015 939 1065 introceptionibus
952 1016 1122 1066 corporis
1137 1017 1261 1062 alieni,
1286 1016 1394 1064 (quae
1411 1016 1493 1054 sunt
1510 1013 1685 1066 pstudoss

55 1070 328 1118 rarefaffiones)
351 1071 440 1107 haec
465 1067 635 1119 inquisita
655 1067 735 1106 sint.
794 1069 1085 1106 Transeundum
1102 1071 1147 1106 ad
1167 1070 1405 1107 dilatationes
1422 1074 1458 1108 ὅ(
1482 1082 1664 1121 tumores,

52 1137 147 1173 quae
172 1125 267 1162 fiunt
289 1128 328 1162 in
353 1126 587 1176 corporibus,
617 1137 660 1161 ex
686 1124 815 1174 spiritu
843 1126 988 1171 innato,
1021 1122 1104 1169 (five
1125 1126 1181 1161 illi
1210 1125 1293 1162 sunt
1318 1127 1514 1173 naturales,
1545 1138 1585 1164 ut
1607 1129 1662 1164 lo-

53 1190 232 1228 quuntur,
262 1179 333 1217 sive
352 1181 709 1229 praeternaturales‚)
740 1179 877 1228 absque
900 1181 1000 1229 igne,
1030 1190 1092 1217 aut
1116 1181 1242 1217 calore
1261 1179 1460 1217 manifesto
1483 1191 1663 1220 externo:

21 1282 24 1284 -
53 1236 142 1272 licet
171 1237 209 1271 in
235 1234 291 1271 his
311 1247 464 1283 quoque
493 1234 664 1284 sequatur
685 1235 912 1283 quandoque
937 1230 1095 1272 acceffio
1122 1232 1193 1273 five
1221 1236 1454 1285 introceptio
1478 1236 1664 1284 humoris5

50 1299 194 1339 praeter
209 1289 325 1340 ipsam
341 1291 607 1328 dilatationem
621 1288 839 1342 simplicem.
1168 1304 1171 1307 ·

296 1381 582 1422 ‘Dilatationes
587 1392 660 1436 per
664 1382 856 1435 spiritum
871 1382 1101 1436 innatumsk
1117 1380 1410 1436 expandentem.

110 1453 172 1494 16.
198 1453 430 1504 MUSTUM,
459 1467 521 1494 aut
535 1455 683 1495 cervisia
694 1468 804 1503 nova,
828 1459 863 1494 ὅ(
876 1454 1020 1503 similia,
1043 1458 1081 1493 in
1092 1457 1204 1494 doliis
1220 1454 1378 1508 reposita
1390 1456 1661 1505 intumescunt,

52 1511 302 1562 &insurgunt
317 1512 547 1553 admodum3
578 1513 673 1549 adeo
693 1523 734 1549 ut
756 1510 822 1548 nisi
842 1512 951 1549 detur
965 1512 1202 1563 spiraculum,
1232 1512 1335 1548 dolia
1349 1513 1580 1562 infringant3
1608 1512 1663 1550 sin

51 1567 172 1613 detur,
201 1566 237 1604 se
252 1568 441 1614 attollant,
470 1570 507 1604 ὃς
527 1567 717 1605 exundent
732 1579 819 1604 cum
842 1566 980 1617 spuma,
1011 1569 1047 1604 ὅ(
1062 1565 1161 1616 quasi
1176 1567 1368 1604 ebulliant.
1550 1575 1552 1578 ’

110 1634 126 1660 1
136 1632 170 1671 7.
202 1624 257 1660 L}
267 1633 453 1674 QUORES
470 1620 654 1672 spirituosi
665 1623 798 1659 arctius
814 1620 990 1668 conclusi,
1014 1622 1068 1669 (ut
1084 1624 1125 1659 in
1140 1622 1284 1660 utribus
1296 1621 1446 1659 fortiter
1461 1623 1659 1670 obturatis)

50 1689 192 1727 mag-no
220 1679 365 1730 impetu
389 1677 494 1730 saepe
515 1687 731 1730 erumpunt,
769 1679 807 1715 ὅ(
831 1679 1006 1729 opercula
1035 1676 1097 1715 sua
1125 1677 1354 1726 quandoque
1377 1678 1545 1725 ejiciunt,
1581 1689 1661 1714 tan-

51 1744 162 1781 quam
180 1746 201 1771 e
215 1743 427 1771 tormento.
966 1745 970 1749 ·

110 1799 125 1824 1
136 1787 170 1826 8.
202 1790 238 1825 A
252 1800 395 1827 UDIVI
410 1788 573 1826 mustum
590 1800 708 1838 nuper
729 1789 925 1835 calcatum,
955 1788 992 1826 &
1007 1786 1106 1837 quasi
1125 1787 1284 1834 fervens,
1314 1788 1355 1823 in
1369 1787 1471 1824 vitto
1486 1786 1601 1824 crasso
1622 1789 1660 1824 ὃς

49 1842 141 1880 forti
158 1842 372 1893 repositum,
396 1844 476 1890 (ore
490 1845 577 1881 vitri
593 1844 689 1881 bene
705 1844 826 1880 lutato
843 1846 879 1880 ὅ(
894 1843 1031 1890 clauso,
1061 1853 1103 1881 ut
1118 1843 1280 1881 mustum
1294 1854 1366 1879 nec
1380 1854 1576 1893 erumpere
1591 1854 1664 1879 nec

50 1898 281 1949 perfringere
303 1899 432 1948 posset)
460 1911 540 1936 non
567 1900 776 1948 reperiente
802 1900 943 1936 exitum
969 1899 1112 1950 spiritu,
1143 1897 1178 1935 se
1203 1910 1268 1947 per
1289 1899 1487 1934 continuas
1511 1898 1663 1934 circula-

50 1955 174 1990 tiones
199 1956 235 1991 ὃς
262 1955 474 1991 vexationes
502 1955 646 1991 vertisse
672 1954 782 2003 plane
807 1955 848 1990 in
875 1964 1078 1991 tartarum:
1117 1963 1158 1991 ut
1183 1953 1280 1990 nihil
1308 1953 1455 1990 restaret
1479 1953 1521 1988 in
1547 1953 1662 1999 vitro,

47 2018 193 2061 practer
209 2021 338 2046 auram
354 2011 390 2046 ὃς
404 2008 542 2046 faeces:
571 2021 703 2047 verum
724 2009 770 2046 de
785 2009 860 2045 hoc
880 2009 974 2046 milii
990 2021 1123 2061 parum
1139 2008 1293 2045 constat.

105 2075 166 2111 19.
199 2065 393 2101 SEMINA
418 2065 643 2115 plantarum,
673 2074 714 2101 ut
734 2063 917 2116 pisorum,
947 2064 1130 2111 fabarum,
1160 2066 1198 2101 ὃς
1212 2062 1410 2110 ejusmodi,
1440 2060 1657 2112 turgescunt

50 2118 239 2166 nonnihil,
268 2129 471 2167 antequam
487 2118 661 2156 emittant
676 2119 840 2156 radicem
856 2130 917 2157 aut
933 2120 1091 2156 caulem.

104 2181 167 2212 20⁴.
197 2174 427 2212 ARBoREs
451 2174 678 2222 quandoque
704 2173 830 2224 spiritu
854 2176 890 2211 δε
914 2173 1025 2212 succo
1049 2174 1180 2212 nativo
1202 2172 1452 2211 tumescentes
1474 2169 1656 2208 corticem

46 2240 242 2281 rumpunt,
271 2232 307 2266 δε
323 2230 503 2266 emittunt
518 2230 667 2278 gummi
683 2231 720 2266 ὃς
734 2231 928 2278 lacrymas.

104 2294 167 2321 21.
197 2286 365 2322 ETIAM
393 2296 566 2333 gemmae
589 2285 801 2333 complures
827 2282 1002 2320 videntur
1030 2282 1100 2320 effe
1128 2280 1343 2333 eruptiones
1368 2279 1564 2317 succorum
1592 2290 1657 2328 pu-

49 2337 193 2377 riorum
209 2352 253 2376 ex
277 2338 447 2389 rupibus;
477 2351 564 2376 cum
580 2348 658 2376 tam
679 2339 827 2388 gummi
842 2349 956 2386 quam
979 2349 1152 2386 gemmae
1166 2335 1315 2386 rupium
1330 2334 1659 2384 deprehendantur
1689 2340 1694 2343 '

48 2394 105 2441 (ex
129 2394 342 2446 splendore)
368 2394 437 2431 effe
453 2393 548 2431 succi
572 2392 753 2443 percolati
768 2396 805 2430 ὅ(
830 2393 1020 2442 depurati3
1051 2392 1146 2429 adeo
1170 2401 1212 2429 ut
1228 2392 1341 2428 etiam
1365 2390 1445 2427 saxa
1459 2392 1496 2427 ὃς
1516 2388 1656 2438 lapides

46 2447 240 2487 videantur
256 2462 298 2486 ex
315 2448 441 2500 spiritu
457 2451 592 2486 innato
607 2448 825 2486 tumescere.

103 2515 166 2542 22.
197 2507 372 2556 NEQUE
392 2502 547 2541 dubium
574 2502 634 2551 est,
664 2502 756 2553 quin
781 2505 821 2540 in
849 2501 1030 2552 spermate
1051 2499 1282 2548 animalium,
1319 2501 1463 2550 primus
1485 2497 1655 2551 aetusad

45 2557 307 2598 vivificandum
329 2557 371 2596 sit
386 2559 569 2607 quaedam
584 2557 755 2611 expansio
769 2558 913 2595 mass'ae.

99 2626 119 2652 2
128 2625 172 2665 3.·
192 2616 230 2652 V
240 2626 254 2652 1
265 2627 288 2652 r
298 2627 325 2651 R
336 2626 348 2651 1
359 2625 497 2651 OLUM
512 2614 748 2665 erumpendo
762 2624 944 2661 tanquam
959 2610 1157 2661 germinat,
1187 2613 1225 2648 ὃ(
1238 2610 1316 2647 fere
1331 2608 1545 2647 arborescit.

101 2680 166 2719 24.
195 2671 289 2717 LA}>
299 2681 312 2707 1
322 2682 348 2707 D
358 2681 407 2707 Es
417 2679 591 2720 tempore
604 2671 641 2706 ὃ(
653 2667 757 2706 senio
771 2665 999 2718 (praesertim
1009 2665 1049 2704 in
1061 2667 1156 2704 locis
1167 2664 1455 2714 humidioribus)
1470 2664 1655 2702 emittunt

46 2723 171 2772 salem,
201 2725 265 2772 qui
279 2723 328 2761 est
342 2737 385 2762 ex
400 2734 531 2761 natura
545 2722 646 2761 nitri.

100 2790 120 2816 2
130 2791 164 2829 5.
196 2782 233 2816 O
244 2790 317 2816 MN
329 2791 342 2817 1
353 2791 370 2816 s
385 2778 494 2829 gleba
513 2789 634 2816 terrae
647 2787 771 2816 tumet
794 2777 916 2815 nitro:
946 2777 1073 2826 itaque
1087 2775 1114 2813 si
1128 2786 1227 2814 terra
1249 2773 1397 2824 quaevis
1411 2772 1455 2811 sit
1470 2780 1650 2821 cooperta

45 2836 83 2871 δ(
95 2836 338 2882 accumulata,
369 2836 420 2872 ita
434 2844 475 2872 ut
491 2834 618 2871 succus
637 2834 714 2879 ejus
739 2845 821 2870 non
837 2831 1070 2870 exhauriatur
1096 2844 1160 2881 per
1177 2831 1296 2869 solem
1313 2833 1350 2868 ὃ(
1366 2832 1503 2874 aerem,
1532 2837 1603 2863 nec
1616 2824 1654 2862 se

46 2888 241 2927 consumat
262 2891 302 2926 in
325 2889 542 2927 emittendo
561 2887 781 2938 vegetabili3
811 2885 955 2936 colligit
977 2889 1135 2934 nitrum,
1163 2896 1205 2924 ut
1229 2888 1425 2923 internum
1444 2892 1651 2920 tumorem.

47 2942 138 2980 Ideo
164 2945 206 2982 in
229 2943 413 2993 aliquibus
440 2946 613 2993 Europae
637 2944 804 2994 partibus
827 2941 970 2979 struunt
998 2941 1159 2979 mineras
1182 2940 1389 2979 artificiales
1410 2936 1511 2982 nitri,
1547 2947 1650 2973 accu-

0 3006 1 3042 ῑ
46 2997 188 3037 mulata
201 3009 309 3049 terra,
336 2998 376 3038 in
391 2999 569 3039 domibus
585 2997 630 3037 ad
651 2997 726 3037 hoc
739 2997 885 3050 paratis,
914 2997 1111 3050 prohibito
1129 2996 1236 3037 aditu
1255 2995 1355 3035 solis.

1388 3120 1391 3122 -
1447 3099 1510 3140 26.
1528 3101 1652 3139 Suno-
