1973 3570
99 255 194 316 336

467 238 1521 302 PARMEN1D15,‘1“ELESII,

268 349 375 387 e'eat?
403 346 568 388 Utinam
584 346 620 384 id
637 349 721 384 otio
740 347 906 384 fruentes
931 347 966 382 ὅ(
986 344 1249 396 perspicaciore
1265 345 1419 396 praediti
1434 345 1599 395 ingenio,
1624 344 1662 381 ἐξ,
1687 343 1820 393 quibus
1833 345 1873 384 in

272 404 417 442 summa
445 401 712 451 tranquillitate
742 413 869 438 rerum
903 411 1076 437 naturam
1098 400 1314 450 perscrutari
1346 400 1785 447 licuerit„ass'equantur:
1832 411 1877 438 ut

271 457 447 496 homines
468 470 549 494 non
574 456 751 493 omniurn
771 456 893 492 modo
913 453 1081 500 scientes,
1106 454 1165 492 sed
1188 457 1365 492 omnium
1380 455 1458 491 fere
1473 466 1647 504 potentes
1661 454 1770 491 fiant!
1796 456 1879 491 Ho-

271 510 408 550 nestius
425 513 538 562 paulo
552 523 666 560 quam
690 510 811 548 solent
827 511 904 551 eius
918 508 1125 555 adversarii,
1149 512 1214 557 qui
1230 508 1406 557 quicquid
1429 520 1537 554 artes,
1566 521 1655 558 quas
1685 506 1747 557 ipsi
1767 519 1875 558 pepe-

273 577 417 613 rerunt,
439 579 522 604 non
547 565 799 614 assequuntur,
828 565 865 601 id
888 575 935 601 ex
964 574 1041 601 arte
1067 563 1230 601 omnino
1250 560 1478 613 impossibilc
1501 563 1675 609 statuunt,
1705 572 1746 599 ut
1770 564 1875 601 nulla

270 634 328 659 ars
349 620 518 658 damnari
531 616 657 672 possit,
681 632 768 656 cum
798 618 871 669 ipsa
891 621 928 655 ὃ(
951 628 1032 668 agat
1058 620 1094 655 ὅ(
1118 617 1265 663 judicet.
1324 618 1447 657 Restat
1477 618 1631 655 tertium
1653 616 1757 668 quod
1784 627 1881 665 erat;

272 675 495 714 subaffionis
509 673 677 711 videlicet
693 674 840 711 modus.
896 675 980 710 Hoc
1014 671 1150 722 triplici
1179 674 1358 722 dogmate
1385 672 1541 711 absolvit
1568 668 1741 721 Telesiam.
1798 672 1880 716 Pri:
1931 666 1935 674 '

272 743 384 768 mum
404 730 463 776 est,
480 730 517 766 id
534 729 636 776 quod
667 739 774 765 antea
798 740 817 764 a
842 727 950 764 nobis
973 728 1096 764 obiter
1116 727 1164 764 est
1179 738 1367 773 notatum,
1391 729 1537 765 nnllam
1561 725 1709 776 prorsus
1727 722 1883 773 symbo-.

273 784 493 822 lizationem
508 784 670 831 intelligi
702 782 756 828 (ut
774 783 813 818 in
828 780 1164 830 Peripateticorum
1186 781 1368 829 doctrina)
1393 795 1459 833 per
1484 794 1598 829 quam
1626 793 1682 818 res
1695 790 1881 829 tanquam.

272 838 476 877 concordia
498 837 658 885 quadam
686 837 883 873 foveantur
916 839 952 872 &
981 835 1206 884 conspirent.
1263 837 1435 873 Omnem
1458 837 1559 874 cuim
1578 831 1883 884 generationem,-

271 904 384 941 atque
399 893 493 928 adeo
513 903 673 928 omnem
697 890 874 927 effestum
895 892 935 927 in
951 902 1112 939 corpore
1131 892 1305 938 naturali,
1319 889 1472 928 viCtoria
1488 894 1522 928 ὅ(
1537 890 1874 942 praedominantia,

272 960 354 985 non
369 947 477 998 pasto
493 955 555 982 aut
570 945 723 982 foedere
746 942 905 993 transigi.
962 944 1003 981 Id
1018 944 1123 993 quod
1139 958 1283 982 novum
1304 957 1384 982 non
1415 947 1474 991 est,
1496 958 1583 982 cum
1600 947 1713 982 etiam
1729 941 1875 994 Aristo-

273 1000 383 1048 teles,
397 1002 436 1037 in
456 1001 627 1037 doCtrina
637 997 882 1051 Empedoclis
897 998 971 1037 hoc
990 999 1110 1050 ipsum
1124 1001 1322 1037 notaverit.
1362 1001 1478 1051 Quod
1495 999 1728 1037 sciliceteum
1737 995 1880 1051 Empef

273 1053 399 1093 docles
414 1054 520 1093 litem
536 1057 572 1091 ὅ(
586 1053 801 1101 amicitiam,
826 1066 951 1091 rerum
967 1053 1146 1105 principia
1175 1051 1372 1092 efficientia
1402 1054 1585 1100 statuisset,
1615 1064 1742 1091 tamen
1764 1055 1882 1098 inexff

274 1109 536 1160 plicationibus
560 1109 629 1146 suis
651 1109 856 1155 causarum,
877 1108 1076 1146 inimicitia
1098 1108 1176 1146 fere
1190 1119 1328 1156 utatur,
1351 1110 1502 1147 alterius
1521 1120 1701 1156 tanquam
1721 1108 1874 1148 oblitus.

277 1165 496 1202 Secundum
512 1165 572 1210 est,
597 1165 764 1201 calorem
786 1163 931 1201 actione
952 1163 1013 1201 sua
1032 1165 1184 1215 propria
1209 1174 1393 1216 perpetuo
1421 1174 1564 1203 vertere
1591 1176 1656 1200 ens
1685 1164 1726 1199 in
1754 1162 1881 1201 humi-

275 1220 381 1266 dum,
403 1222 438 1256 &
454 1220 559 1267 quod
575 1220 689 1256 calori
705 1217 840 1256 siccitas
860 1220 970 1256 nullo
989 1219 1110 1256 modo
1124 1223 1244 1266 coeat,
1261 1231 1329 1256 nec
1358 1218 1488 1269 frigori
1505 1217 1718 1256 humiditas.·
1771 1219 1877 1256 Idem

277 1274 381 1312 enim
398 1274 467 1311 effe
481 1284 672 1311 attenuare
699 1276 733 1310 &
749 1274 974 1320 hume&are,
999 1284 1110 1322 atque
1125 1275 1228 1321 quod
1244 1273 1403 1310 maxime
1419 1284 1544 1321 tenue,
1566 1274 1604 1310 id
1632 1274 1746 1309 etiam
1765 1272 1877 1310 maxi-

277 1342 339 1366 me
351 1328 551 1366 humidum
566 1328 656 1369 ess'e3
686 1340 775 1365 cum
790 1342 854 1380 per
882 1327 1084 1365 humidum
1108 1328 1336 1378 intelligatur
1367 1329 1405 1365 id
1432 1329 1536 1378 quod
1562 1325 1738 1366 facillime
1762 1327 1874 1375 cedit,

275 1385 352 1421 abit
368 1384 407 1420 in
423 1394 556 1433 partes,
582 1386 617 1420 &
642 1382 764 1420 rursus
786 1383 820 1421 se
837 1382 998 1429 restituit,
1020 1394 1131 1431 atque
1158 1395 1267 1432 aegre
1294 1381 1420 1420 finitur
1448 1393 1510 1420 aut
1539 1380 1712 1420 consistit.
1768 1382 1877 1434 Quae

277 1437 407 1476 omnia
436 1437 552 1487 magis
580 1437 706 1475 insunt
729 1438 914 1482 flammae,
943 1447 1057 1484 quam
1085 1437 1186 1478 υἱέι-ῖς
1223 1436 1287 1484 qui
1314 1451 1335 1474 a
1360 1436 1611 1487 Peripateticis
1640 1436 1876 1483 constituitur

277 1491 438 1530 maxime
455 1493 642 1529 humidus.
698 1494 827 1539 Itaque
862 1493 1040 1538 calorem,
1059 1491 1259 1529 humidum
1279 1503 1461 1542 perpetuo
1489 1492 1646 1539 allicere,
1671 1490 1876 1541 depascere,

277 1547 489 1593 extendere,
512 1546 652 1593 indere,
676 1559 853 1596 generare
869 1564 883 1589 ,-
919 1557 1063 1593 contra,
1088 1546 1205 1595 frigus
1220 1546 1348 1584 omnia
1362 1560 1470 1597 agere
1486 1546 1524 1584 in
1554 1545 1763 1593 ficcitatem,
1783 1559 1875 1584 con·

276 1601 498 1647 cretionem,
513 1600 710 1642 duritiem3
740 1602 803 1639 ubi
822 1603 902 1639 vult
914 1598 1163 1651 Aristotelem
1178 1604 1214 1639 δε
1229 1602 1406 1639 hebetem
1421 1601 1459 1640 in
1475 1601 1745 1648 observatione,
1759 1604 1797 1640 ¹&
1811 1600 1876 1640 fibi

277 1656 499 1702 discordem,
535 1658 573 1693 ὅτ.
604 1669 688 1706 erga
723 1655 987 1708 experientiam
1015 1655 1259 1708 imperiosum
1288 1659 1324 1693 ὅ(
1347 1655 1588 1694 libidinosum
1614 1655 1742 1703 videri,
1770 1658 1884 1705 quod,-

277 1713 444 1748 calorem
474 1723 561 1748 cum
576 1709 735 1749 ficcitate
754 1713 917 1763 copulet.
974 1713 1077 1749 Nam
1100 1712 1204 1760 quod
1232 1710 1434 1757 aliquando
1462 1711 1561 1749 entia
1584 1710 1737 1749 desiccet
1759 1712 1874 1759 calor,

280 1765 318 1803 id
336 1778 401 1815 per
419 1765 588 1803 accidens
615 1764 716 1806 fieri3
759 1765 940 1804 nimirum
974 1767 1014 1803 in
1043 1778 1202 1816 corpore
1230 1763 1447 1814 dissimilari,
1472 1769 1509 1804 ὃς
1537 1779 1579 1803 ex
1606 1764 1769 1819 partibus
1796 1765 1884 1804 aliis-

279 1823 398 1871 magis
425 1817 558 1868 crassis,
580 1820 656 1858 aliis
672 1820 787 1871 magis
806 1820 980 1858 tenuibus
1007 1831 1284 1871 coagmentato,
1314 1818 1510 1868 eliciendo,
1540 1824 1576 1858 &
1607 1822 1688 1872 (per
1712 1830 1887 1867 attenua·2

279 1874 443 1924 tionem)
469 1874 609 1912 exitum
638 1876 763 1913 dando
791 1876 885 1926 parti
914 1875 1091 1922 tenuiori,
1130 1876 1222 1913 dum
1246 1889 1327 1928 pars
1350 1874 1502 1914 craffior
1530 1875 1616 1914 inde
1640 1886 1808 1926 cogatur,
1838 1879 1888 1926 ὃς,

279 1930 395 1980 magis
419 1930 454 1967 se
468 1929 692 1980 constringat
712 1945 720 1968 z
757 1943 850 1979 quae
876 1942 1003 1968 tamen
1027 1930 1100 1981 ipsa
1123 1943 1206 1980 pars
1228 1928 1391 1978 crassior,
1416 1930 1441 1968 fi
1457 1931 1644 1969 advenerit
1663 1932 1764 1968 calor
1777 1930 1876 1969 fei-o-

279 1987 372 2031 cior,
404 1985 532 2034 &ipsa
554 1985 648 2032 fluit,
676 1997 716 2023 ut
743 1988 783 2022 in
812 1987 986 2024 lateribus
1004 1986 1240 2024 manifestum
1261 1987 1320 2024 est.
1377 1986 1506 2024 Primo
1530 1988 1633 2023 enim
1661 1986 1765 2023 calor
1791 1998 1874 2032 non

280 2038 330 2076 ita
350 2040 496 2076 fervens
512 2041 636 2076 lutum
656 2040 757 2089 cogit
777 2040 815 2078 in
830 2043 971 2087 lateres,
1000 2040 1172 2078 tenuiore
1195 2052 1298 2091 parte
1318 2052 1522 2092 evaporata.
1579 2041 1634 2078 At
1656 2039 1792 2079 fortior
1817 2054 1887 2089 cam>

279 2095 340 2130 lor
364 2094 476 2131 etiam
497 2094 599 2131 illam
628 2094 862 2132 substantiam
890 2094 1087 2134 lateritiam
1120 2095 1227 2133 solvit
1252 2095 1291 2133 in
1313 2096 1465 2134 vitrum.
1522 2095 1651 2146 Atque
1676 2096 1766 2134 haec
1796 2096 1875 2142 duo

279 2149 456 2198 dogmata
476 2148 590 2187 veluti
606 2162 777 2187 errorum
799 2150 1079 2201 redargutiones
1103 2150 1243 2189 censeri
1272 2151 1440 2201 possi1nt3
1471 2150 1624 2188 tertium
1650 2153 1760 2203 plane
1778 2148 1874 2189 affir-

280 2215 370 2250 mat,
387 2216 508 2252 neque
523 2203 558 2241 id
576 2203 711 2251 solum,
735 2204 796 2242 sed
814 2208 848 2242 ὅ(
869 2207 1058 2258 perspicue
1072 2205 1256 2255 distinguit
1282 2205 1501 2244 stibadiionis
1527 2207 1700 2243 modum.
1756 2207 1789 2243 Is
1806 2207 1887 2244 dum

280 2260 363 2307 plex
384 2258 443 2306 est,
467 2260 524 2297 vel
543 2258 754 2306 rejiciendo,
775 2262 834 2298 vel
861 2261 1069 2301 vertend03
1111 2265 1221 2309 atque
1243 2263 1419 2299 alteruter
1440 2274 1482 2298 ex
1505 2260 1545 2297 iis
1571 2261 1694 2298 modis
1709 2260 1873 2310 perduci-

281 2313 398 2351 turin
420 2314 544 2350 aeffum
575 2313 782 2351 seeundum
811 2314 887 2352 vim
919 2314 1049 2353 caloris
1073 2317 1110 2353 ὃς
1139 2314 1416 2367 dispositionem
1444 2312 1633 2353 materiae.
1689 2316 1808 2362 Cujus
1822 2315 1875 2354 rei

282 2377 406 2404 tamen
423 2369 501 2406 duo
516 2368 688 2406 videntur
704 2381 886 2418 tanquam
906 2382 1079 2408 canones
1137 2371 1264 2418 Unus,
1291 2372 1393 2419 quod
1414 2383 1501 2408 cum
1526 2370 1688 2408 calidum
1709 2373 1746 2408 &
1772 2369 1883 2420 frigi-⁷

280 2421 371 2458 dum
388 2435 521 2472 magna
543 2425 661 2470 mole,
686 2426 722 2460 ὅ(
742 2436 923 2472 tanquam
958 2425 1052 2472 justo
1080 2424 1240 2464 exercitu
1263 2436 1508 2472 concurrunt,
1543 2424 1706 2476 sequitur
1726 2426 1872 2471 ejeetio.

282 2477 385 2513 Nam
402 2477 511 2525 entia,
535 2480 651 2515 veluti
671 2477 776 2526 acies,
803 2480 893 2518 loco
913 2489 1116 2518 moventur
1143 2482 1177 2516 ὅ(
1194 2479 1449 2532 impelluntur.
1508 2481 1590 2520 Ubi
1615 2492 1706 2517 vero
1720 2482 1873 2518 minore

284 2531 487 2577 quantitate
504 2545 559 2569 res
579 2535 732 2582 geritur,
756 2545 840 2571 tum
856 2534 1020 2584 sequitur
1035 2532 1170 2575 vcrfio3
1199 2547 1288 2572 nam
1304 2534 1573 2572 interimuntur
1589 2533 1686 2572 entia
1712 2536 1749 2571 ὅ(
1764 2545 1868 2572 natu-

284 2597 364 2620 ram
386 2585 506 2634 potius
525 2599 639 2634 quam
665 2589 796 2625 locum
825 2600 984 2628 mutant.
1040 2590 1159 2635 Hujus
1187 2589 1239 2626 rei
1267 2588 1408 2640 infigne
1438 2592 1474 2626 ὃ(
1503 2589 1631 2626 nobile
1659 2591 1873 2640 exemplum

284 2639 353 2675 effe
374 2641 413 2675 in
430 2640 642 2689 regionibus
656 2643 747 2680 aeris
762 2643 1022 2693 superioribus,
1046 2643 1238 2693 quaelicet
1265 2645 1311 2682 ad
1340 2647 1506 2682 calorem
1533 2644 1729 2681 coelestem
1756 2643 1873 2694 magis

283 2696 596 2744 appropinquent,
619 2707 745 2734 tamen
774 2697 985 2748 frigidiores
1022 2697 1276 2746 inveniuntur,
1308 2712 1421 2748 quam
1450 2698 1610 2736 confinia
1643 2709 1772 2736 terrae.
1828 2701 1871 2738 In

284 2746 354 2785 illis
373 2747 475 2785 enim
495 2750 598 2795 locis,
619 2753 811 2800 postquam
835 2756 988 2804 propius
1013 2754 1058 2790 ad
1088 2753 1213 2790 sedem
1232 2753 1341 2803 primi
1363 2753 1470 2791 calidi
1499 2763 1654 2791 ventum
1684 2753 1745 2799 est,
1768 2755 1872 2792 calor

287 2802 321 2839 se
337 2802 515 2852 colligens
538 2806 744 2842 universam
768 2807 919 2857 frigoris
941 2807 1029 2855 vim,
1053 2820 1148 2857 quac
1176 2808 1398 2855 ascenderat,
1426 2807 1532 2845 simul
1559 2806 1656 2851 ejicit
1691 2809 1726 2845 δ(
1750 2808 1871 2846 detru-

283 2857 349 2903 dit,
374 2859 409 2894 δ(
425 2856 524 2895 aditu
540 2859 721 2909 prohibet.
777 2862 882 2914 Quin
900 2862 1012 2900 etiam
1034 2861 1198 2900 similiter
1215 2863 1294 2900 fieri
1315 2863 1426 2913 posse,
1447 2872 1487 2900 ut
1507 2860 1575 2899 fint
1600 2874 1663 2911 per
1684 2863 1873 2913 profunda

284 2921 404 2950 terrac
434 2914 573 2949 calores
596 2914 894 2955 vehementiores
923 2928 1038 2967 quam
1063 2919 1104 2954 in
1132 2917 1321 2968 superficie
1338 2936 1351 2960 ‚-
1393 2915 1587 2968 postquam
1602 2915 1737 2956 scilicet
1757 2917 1802 2955 ad
1823 2918 1873 2955 se-

284 2966 370 3003 dem
385 2968 498 3017 primi
521 2966 645 3016 frigidi
669 2970 978 3022 appropinquatio
994 2972 1087 3010 fasta
1102 2973 1162 3019 est,
1177 2973 1281 3021 quod
1302 2973 1336 3009 se
1367 2973 1539 3017 excitans,
1562 2983 1703 3021 magno
1728 2973 1873 3022 impetu

285 3020 445 3058 calidum
462 3022 592 3069 rejicit,
615 3024 648 3058 δ(
662 3022 769 3071 fugit,
791 3024 881 3062 &in
900 3026 935 3063 se
954 3026 1074 3065 vertit.
1131 3027 1242 3065 Alter
1259 3039 1380 3064 canon
1397 3026 1456 3072 cst,
1475 3026 1578 3074 quod
1601 3027 1639 3062 in
1667 3037 1797 3078 aperto
1823 3026 1873 3064 se-

285 3076 411 3123 quitur
434 3077 586 3123 ejeeii03
626 3075 665 3113 in
692 3077 817 3114 clauso
844 3079 972 3118 versio.
1027 3083 1113 3118 Hoc
1127 3092 1252 3123 autem
1277 3079 1467 3130 insigniter
1486 3080 1651 3131 conspici
1673 3083 1712 3118 in
1735 3079 1872 3119 vasibus

284 3128 447 3178 occlusis,
465 3130 528 3168 ubi
543 3128 689 3180 emiffio
705 3134 871 3182 corporis
887 3137 1066 3172 attenuati
1095 3134 1215 3185 (quod
1238 3134 1405 3184 spiritum
1431 3135 1507 3173 fere
1526 3133 1720 3184 vocamus)
1747 3134 1869 3186 prohi-

1798 3188 1871 3226 bita
