1973 3570
677 193 1203 246 INDEX.

82 291 238 329 Mutatio
255 296 413 330 materiae
432 296 470 329 fit
490 295 613 342 ubsque
633 294 779 337 interitu,
844 307 911 342 227

82 344 271 389 ssdjsterium
290 344 466 380 flammeae
487 345 521 380 δε
537 345 653 382 aereae
672 353 821 386 naturae,
845 348 909 381 182.

78 393 206 440 Myvae
225 392 323 440 quid,
844 397 909 441 163

469 493 518 528 N.

75 588 300 686 NArciffi
315 589 427 625 fabula
446 590 527 638 quid
547 590 732 638 fignificat,
838 604 903 637 352

207 640 386 676 Narcolica
401 640 528 686 opi-ata,
553 653 629 687 147.
685 642 798 678 Radix
816 642 903 677 bctel

123 701 166 724 ex
179 701 302 735 genere
315 691 562 732 narcoticormn,
597 690 672 733 ¹45·
725 693 907 729 Narcolica

125 737 264 773 fortiora
282 738 462 784 coagulant
477 739 646 785 spiritum,
837 753 849 775 1
860 752 903 787 75

74 788 185 824 Nares
205 788 350 834 patulae,
836 803 848 824 1
859 802 902 836 39

72 838 278 874 Narratione
296 837 329 871 in
349 836 462 884 aliqua
482 837 504 871 si
522 837 605 885 quid
623 837 720 873 dubii
740 838 793 872 vel
815 838 902 874 scru-

120 886 193 935 puli
211 886 325 928 subsit,
354 886 389 921 id
408 887 617 922 reticendum
632 900 700 922 non
714 887 761 922 est
778 888 812 923 in
827 888 901 925 hist.

122 945 189 971 nat.
881 941 899 972 8

70 985 230 1032 Nasones,
257 984 300 1019 de
318 985 354 1020 iis
373 985 473 1027 mira,
833 999 898 1033 173

68 1034 279 1079 Nasturtium
290 1033 397 1081 jecori
417 1035 512 1083 utile,
834 1040 899 1082 163

67 1085 212 1122 Natatio
229 1083 380 1131 salubris,
831 1098 842 1120 1
853 1086 898 1121 60

67 1134 222 1177 Natura,
241 1133 445 1182 experientia
463 1133 531 1181 ejus
556 1134 690 1181 optima
721 1133 898 1180 investiga-

117 1184 198 1226 trix,
226 1194 305 1218 220.
350 1182 551 1230 Aliquando
570 1184 727 1230 procedit
747 1196 804 1229 per
819 1197 897 1232 gra-

110 1233 184 1274 dus,
211 1232 395 1279 aliquando
413 1244 473 1278 per
491 1233 601 1274 sistus,
713 1244 795 1279 299,
826 1245 895 1281 319

65 1281 122 1317 De
139 1282 277 1318 Natura
296 1293 409 1316 rerum
428 1282 665 1328 cogitationes,
827 1294 894 1317 222

63 1331 203 1368 Natura
219 1343 261 1365 an
279 1331 458 1365 abhorreat
479 1343 637 1373 vacuum,
822 1343 892 1377 340

64 1380 120 1416 De
154 1375 427 1428 interpretatione
460 1380 617 1416 Naturae
651 1380 775 1415 indicia
802 1394 894 1424 vera,

132 1440 135 1441 ⁷
712 1475 716 1478 ξ
740 1441 806 1475 243
827 1431 895 1468 &c.

64 1480 218 1517 Naturae
248 1477 476 1514 coessentiales
506 1488 649 1523 quatuor
674 1490 716 1513 ex
744 1480 893 1524 Teles10‚

115 1541 196 1576 329.
249 1528 296 1563 Et
315 1537 461 1575 quatuor
479 1527 517 1562 iis
533 1528 720 1575 oppositae,
813 1529 894 1566 ibid.

62 1580 219 1617 Naturae
237 1577 362 1625 triplex
381 1577 492 1619 status,
524 1588 557 1622 3,
590 1579 641 1613 18.
691 1576 774 1624 Ejus
793 1578 895 1614 inter-

111 1628 268 1677 pretatio,
823 1638 893 1677 257

62 1678 242 1717 Naturalis
261 1675 479 1724 philosophia
496 1675 674 1711 certissima
689 1676 893 1724 superstitio-

106 1727 156 1764 nis
182 1726 364 1767 medicina,
393 1725 474 1772 269.
528 1726 653 1760 Veram
686 1727 892 1774 religionem

105 1777 301 1826 Promovet,
329 1775 408 1810 ibid.
458 1773 538 1822 Ejus
568 1776 779 1823 progressum
809 1778 893 1824 quid

108 1826 270 1874 impedit,
823 1827 891 1861 268

59 1877 189 1919 Nava,
216 1887 332 1912 earum
350 1875 542 1922 progressus
559 1884 702 1921 quantus
720 1875 785 1911 effe
810 1876 892 1911 sole-

74 1959 75 1962 ,
104 1936 152 1969 at,
181 1922 238 1972 55.
292 1925 331 1959 In
351 1924 490 1959 navibus
504 1925 687 1960 Britannici
703 1925 885 1972 majoribus

107 1985 252 2024 quatuor
279 1974 353 2009 sunt
378 1974 473 2016 mali,
514 1974 699 2022 aliquando
727 1975 888 2023 quinque,

871 2037 888 2059 2

58 2074 174 2113 Naves
193 2074 339 2110 minores
368 2072 536 2120 praestant
564 2072 747 2120 majoribus
774 2037 890 2110 celeii-

71 2134 75 2138 ·
105 2135 184 2164 tate,
842 2136 887 2171 53

57 2174 246 2220 Navigatio
288 2171 427 2207 celerior
473 2183 553 2206 cum
600 2181 705 2207 vento
749 2174 889 2221 obliquo

71 2245 74 2246 ν
105 2234 212 2272 quarn
238 2234 317 2256 curn
346 2221 453 2261 meto,
483 2232 540 2265 54.
593 2222 782 2268 Navigatio
807 2235 890 2270 pro-

106 2273 250 2322 greffiva
267 2282 348 2306 curn
365 2269 474 2305 ventis
487 2269 632 2305 adversls
645 2272 822 2318 quomodo
834 2273 887 2316 fit,

56 2371 172 2415 Navis
190 2370 380 2418 progressus
397 2378 497 2403 vento
517 2368 674 2412 secundo,
702 2383 759 2417 55.
798 2334 891 2407 605114..

106 2420 225 2460 trario,
809 2421 885 2459 ibid.

53 2470 200 2509 Nebulae
229 2468 314 2516 quid
354 2462 442 2504 circa
475 2478 594 2504 ventos
631 2471 886 2517 praenunciant,

839 2521 882 2555 61

55 2568 208 2610 ,Nemets‚
235 2567 277 2603 de
295 2580 334 2602 ea
352 2567 501 2603 authoris
518 2567 692 2610 sententia,
816 2580 886 2617 370

54 2616 112 2653 Ex
133 2617 249 2654 Nihilo
268 2617 354 2653 nihil
373 2618 423 2657 fit,
443 2630 554 2665 neque
571 2617 755 2665 quicquum
775 2619 809 2653 in
833 2622 886 2654 ni-

101 2666 204 2701 hilum
223 2667 402 2714 redigitur,
729 2679 785 2714 19,
815 2679 885 2716 227

52 2716 154 2754 Nitri
171 2715 320 2751 minerae
344 2715 550 2759 artificiales,
579 2727 638 2764 79.
670 2717 830 2753 .Nitrum
848 2718 886 2753 &

101 2765 239 2811 nitrosa,
271 2768 348 2810 148.
398 2765 480 2813 Ejus
498 2765 572 2801 usus
599 2766 644 2801 ad
672 2765 885 2814 longaevita-

68 2845 69 2848 ,
100 2824 185 2855 tem,
219 2827 296 2862 149.
350 2815 412 2850 Est
430 2815 565 2862 spiritus
583 2826 703 2857 terrae,
818 2819 883 2860 148

51 2863 153 2901 Nitri
172 2864 402 2906 fiJbordinata,
435 2877 514 2912 149.
569 2865 672 2908 Usus,
691 2863 771 2901 ibid.
797 2864 882 2911 Ejus

97 2924 176 2948 cum
212 2914 418 2950 aromatibus
447 2914 484 2948 &
513 2914 598 2962 opio
624 2913 774 2957 collatio,
805 2915 884 2952 ibid.

101 2961 300 3010 Colligendi
317 2963 418 3004 ratio,
451 2963 528 3000 ibid.
578 2963 640 2999 Ad
657 2973 780 3011 potum
797 2965 885 3007 usus,

817 3015 887 3049 160

50 3059 191 3098 Nitrum
211 3061 334 3108 rubigo
355 3061 525 3109 lapidum,
815 3074 886 3108 114

49 3110 192 3146 Nitrum
210 3122 258 3144 res
278 3110 504 3157 frigidisfima,
708 3123 789 3155 101,
817 3116 882 3155 148

52 3159 197 3195 Nivales
214 3159 308 3194 venti
325 3160 452 3207 spirant
469 3173 510 3195 ex
526 3159 768 3209 septentrione,
839 3165 882 3207 38

48 3207 362 3292 'Niveivinterffm
399 3209 551 3257 integrae
591 3209 797 3258 dejiciuntur
826 3223 886 3260 per

191 3266 259 3294 οῖ..
320 3286 327 3294 .

1017 305 1134 331 ventos
1167 309 1186 331 a
1217 298 1400 341 montibus,
1442 301 1496 345 38.
1559 302 1792 347 Subiacentem

1014 343 1190 390 planitiem
1210 347 1382 394 sepeliunt,
1415 354 1470 394 38.
1512 346 1654 387 Niviuin
1671 353 1792 389 solutio

1012 394 1100 428 circii
1134 408 1225 430 mare
1265 398 1407 443 glaciale
1449 401 1574 436 excitat
1618 402 1792 449 aquilones

1013 442 1045 476 in
1067 444 1164 479 Italia
1185 446 1220 479 δε
1239 446 1396 487 Graecia,
1748 464 1784 490 ςι

963 491 1054 527 Nivi
1071 493 1126 527 a'ur
1145 494 1239 535 inest,
1722 491 1786 535 182

961 541 1077 576 thlcs
1096 543 1128 577 in
1150 543 1287 592 Europa
1305 547 1529 589 aelluosiores,
1741 563 1788 595 45

959 590 1088 625 Nolim
1115 593 1252 638 garrula
1284 597 1420 642 quando
1451 597 1577 632 imbres
1611 611 1791 646 praemon-

1006 641 1100 682 strat,
1741 649 1786 683 62

959 688 1104 723 Nouum
1121 702 1198 725 cum
1219 692 1414 730 hominibus
1431 697 1660 743 comparatio,
1720 709 1790 733 120

958 738 1141 773 Novia-mia
1158 741 1418 789 dispositionum
1449 745 1530 780 aeris
1558 745 1633 781 sunt
1663 746 1789 794 fignifi-

1006 799 1114 823 cativa

957 837 1089 872 Novam
1116 817 1262 874 diaetam
1293 840 1455 877 fastidiosi
1497 853 1630 879 tantum
1674 807 1787 892 post5u9-

1008 886 1092 927 lant,
1718 906 1759 939 15
1766 907 1783 940 3

955 935 1088 970 Novum
1107 936 1190 971 nihil
1211 937 1268 972 sub
1287 938 1366 982 sole,
1715 944 1785 978 286

955 984 1062 1019 Nubes
1095 986 1305 1023 sublimiores
1334 989 1485 1025 feruntur
1516 991 1560 1025 ab
1597 991 1723 1028 oriente
1750 994 1783 1028 in

1003 1035 1227 1070 occidentem.
1275 1049 1330 1082 31.
1395 1039 1539 1076 Nubium
1572 1040 1783 1087 disgregatio

1002 1085 1250 1131 praemonstrat
1265 1097 1394 1130 ventos,
1409 1100 1468 1132 41.
1498 1090 1532 1123 A
1546 1090 1626 1123 nube
1637 1090 1784 1126 formata

1001 1145 1079 1168 cum
1106 1145 1224 1169 ventus
1242 1136 1371 1182 prodit,
1398 1149 1483 1184 quae
1502 1139 1679 1174 accidunt?
1704 1140 1782 1177 ibid.

1031 1182 1110 1217 Tabes
1130 1183 1339 1220 sublimiores
1353 1186 1598 1224 &humiliores
1617 1189 1649 1223 in
1668 1189 1783 1224 diver-

1000 1231 1068 1266 sum
1088 1244 1216 1279 partem
1237 1233 1390 1270 feruntur
1401 1237 1522 1271 eodem
1536 1247 1704 1284 tempore,
1722 1251 1781 1284 51.

999 1281 1108 1316 Nubes
1133 1282 1257 1317 diversi
1288 1285 1432 1330 generis,
1466 1287 1546 1333 quid
1576 1287 1780 1334 significant,

1646 1337 1704 1378 60,
1735 1338 1776 1371 61

948 1379 1059 1415 Nubes
1088 1380 1219 1416 altiores
1252 1381 1437 1428 aliquando
1471 1383 1689 1431 supervolant
1718 1386 1780 1421 hu-

997 1429 1156 1471 miliores,
1733 1448 1774 1480 51

948 1478 1094 1514 Nubium
1112 1479 1154 1514 de
1172 1479 1281 1513 ventis
1299 1479 1528 1526 praesagium,
1645 1484 1704 1527 60,
1734 1485 1776 1519 61

950 1528 1070 1564 Nuclei
1090 1528 1123 1562 in
1141 1528 1246 1571 cibos,
1711 1534 1775 1568 161

950 1578 1096 1614 Nuditas
1113 1577 1208 1619 cutis,
1710 1594 1722 1616 1
1732 1595 1776 1628 55

949 1628 1079 1663 Numae
1092 1627 1332 1662 Romanorum
1352 1629 1439 1675 regis
1459 1640 1558 1671 aetas,
1709 1644 1776 1678 130

948 1677 1107 1713 Numerus
1126 1676 1364 1712 succeffionum
1384 1679 1467 1713 ni'nil
1499 1684 1542 1714 ad
1557 1679 1774 1716 diuturnita-

995 1735 1064 1760 tem
1085 1726 1327 1762 brevitatemve
1345 1727 1449 1769 vitae,
1709 1731 1777 1776 136

946 1776 1115 1815 Nzitrz'ces,
1144 1787 1229 1822 quae
1250 1776 1415 1822 optimae,
1707 1783 1772 1826 138

946 1826 1150 1861 Nmrimenti
1168 1825 1303 1871 gradus,
1336 1828 1414 1862 128.
1468 1827 1534 1862 Via
1552 1828 1588 1862 &
1606 1829 1777 1872 transitus,

1697 1879 1775 1915 ibid.

945 1923 1098 1959 Nutritio
1119 1923 1296 1970 quomodo
1322 1925 1373 1967 fit,
1407 1935 1486 1971 127.
1537 1928 1706 1970 Nunnio,
1733 1941 1775 1964 an

994 1974 1093 2020 possit
1113 1973 1185 2007 fieri
1204 1974 1246 2007 ab
1265 1984 1368 2015 extra,
1394 1977 1471 2010 128.
1519 1976 1553 2010 Si
1571 1978 1684 2025 possit,
1701 1978 1774 2012 lon-

992 2022 1153 2068 gaevitati
1171 2023 1337 2058 utiliffima
1354 2023 1453 2066 foret,
1488 2026 1562 2061 186.
1603 2027 1772 2071 Nutritio,

993 2072 1074 2107 vide
1089 2073 1311 2108 Alimentatio.
1364 2073 1571 2110 Nutritionis
1583 2076 1639 2111 via
1654 2076 1774 2123 longa,

1662 2156 1663 2159 ,
1706 2126 1776 2161 186

942 2169 1164 2216 NJmphurum
1180 2170 1327 2215 fabulae,
1708 2187 1720 2209 1
1731 2175 1776 2220 36

1332 2271 1379 2311 Ο.

941 2365 1161 2464 OBesttczs
1179 2370 1402 2418 injuventute
1418 2383 1539 2419 parum
1559 2372 1672 2415 laeta,
1688 2365 1769 2419 134.

1089 2419 1171 2467 Ejus
1187 2421 1294 2462 causa,
1310 2420 1390 2456 ibid.
1431 2421 1574 2465 Obqfitas
1593 2423 1627 2457 in
1639 2422 1773 2459 senibus

941 2469 1190 2563 Obssssgi'tiones
1207 2519 1241 2553 in
1260 2519 1338 2555 hist.
1356 2529 1424 2555 nat.
1439 2519 1642 2568 quandoque
1659 2482 1773 2567 asplgg

987 2568 1130 2614 gendae‚
1161 2570 1192 2603 8.
1241 2568 1488 2615 Observationes
1509 2582 1647 2605 morum
1675 2570 1772 2605 vivas

990 2617 1096 2664 spirat
1117 2617 1272 2660 Tacitus,
1699 2620 1772 2664 264

941 2666 1186 2711 Obstinatarum
1202 2667 1351 2714 partium
1370 2679 1408 2703 ac
1425 2667 1584 2702 mollium
1602 2668 1770 2703 intenera-

990 2716 1052 2758 tio,
1703 2719 1769 2764 183

938 2765 1164 2802 Occidentales
1180 2766 1271 2802 venti
1288 2765 1363 2802 sunt
1380 2765 1648 2801 vehementiores
1664 2777 1770 2812 quam

989 2815 1180 2857 orientales,
1726 2828 1769 2863 37

941 2863 1152 2899 Occludentia
1170 2864 1334 2913 quaedam
1353 2865 1523 2907 dicantur,
1701 2871 1768 2912 1137

940 2914 1117 2950 Ocrearum
1135 2915 1347 2956 inteneratiO,
1701 2927 1715 2950 1
1726 2927 1768 2962 19

941 2963 1135 3008 Ouimassris
1152 2974 1277 3012 partUS,
1701 2975 1715 2999 1
1727 2976 1766 2998 12

941 3013 1038 3048 Oculi
1053 3013 1248 3060 grandiores
1266 3010 1391 3060 optimi
1421 3013 1454 3048 in
1483 3013 1635 3060 corporis
1651 3014 1769 3048 analo-

986 3062 1058 3108 gia,
1702 3074 1769 3109 139

939 3111 1060 3146 Oculus
1075 3112 1159 3147 dum
1175 3111 1344 3146 clauditur
1354 3110 1456 3154 alter,
1483 3111 1617 3159 pupilla
1632 3111 1770 3147 alterius

988 3161 1163 3196 manifeste
1180 3161 1353 3201 dilatatur,
1723 3171 1769 3208 79

938 3209 1059 3252 Odores
1076 3210 1229 3248 continui
1246 3209 1381 3256 spiritus
1397 3220 1549 3251 onerant,
1574 3209 1650 3258 165.
1680 3209 1769 3257 Qu-

1232 3259 1266 3294 G
1280 3271 1304 3306 g
1317 3272 1339 3306 g
1350 3272 1374 3305 g
1687 3272 1769 3295 nam
