1973 3570
145 164 204 227 58

370 162 469 207 DE
506 153 1332 213 INTERPRETATIONE
1368 153 1775 226 NATURAE.

274 261 505 300 inventionis
520 274 665 299 nomen
682 273 762 298 non
779 269 954 297 meretur.
1013 260 1107 294 Non
1133 258 1306 306 longum,
1321 255 1385 303 fili,
1402 256 1463 293 sed
1478 255 1696 305 ambiguum
1713 260 1766 308 nest
1786 262 1866 298 iter.

272 318 390 370 Quod
419 328 544 355 autem
571 317 660 354 haec
686 328 767 352 non
792 326 878 351 ante
905 314 979 350 hoc
1007 323 1155 361 tempus
1184 311 1222 348 in
1243 311 1483 362 conspeestum
1510 310 1545 347 sc
1574 311 1802 364 dedisse-taio,
1823 327 1870 353 an

272 371 341 410 tibi
357 382 596 422 compertum
619 370 667 407 est
693 380 879 418 quantum
896 368 1004 405 omni
1020 367 1247 415 antiquitati,
1276 367 1334 402 vel
1361 364 1538 402 omnibns
1572 367 1612 402 in
1639 370 1869 421 regionibus,

270 429 329 464 vel
350 429 464 465 etiam
480 424 629 475 singulis
648 423 1123 462 hominibusinnotuerit?
1152 421 1224 458 Sed
1257 420 1335 457 fere
1363 420 1537 457 afl'cntior
1561 419 1638 467 tibi,
1667 421 1871 474 rili-,reque

270 483 380 519 altius
396 494 512 518 manu
527 482 673 518 ducam.
731 481 826 517 Non
841 477 984 515 dubitas
998 476 1089 524 quin
1105 473 1129 512 fi
1144 475 1319 513 homines
1334 487 1413 512 non
1442 475 1579 521 forent,
1601 478 1869 527 multas-eorum·

268 549 363 587 quae
382 547 459 573 arte
487 534 546 584 (ut
563 532 789 583 loquuntur)
815 533 907 570 facta
937 532 1033 578 sunt,
1059 530 1231 568 defutura
1259 529 1417 576 fuissent,
1448 540 1490 566 ut
1527 529 1678 567 statuam
1709 536 1870 570 marmo—

271 603 387 638 ream,
402 589 599 640 stragulam
615 590 761 626 vestem.
818 588 903 637 Age
919 599 1009 624 vero
1035 588 1070 622 ὃ(
1096 586 1284 631 homines,
1305 597 1352 621 an
1373 596 1453 621 non
1484 585 1621 621 habent
1642 588 1677 622 ὅ(
1699 584 1762 636 ὶρῖἰ
1786 587 1870 626 suos

270 655 398 682 motus
419 646 553 693 quibus
572 642 864 694 obtemperant?
896 643 1002 687 Sane,
1022 640 1086 685 fili,
1108 640 1221 689 magis
1243 639 1404 685 subtiles,
1421 642 1455 676 &
1472 636 1660 676 difficilius
1682 653 1702 676 a
1720 641 1871 692 scientia

270 700 573 749 comprehensoS,
587 699 645 735 sed
657 710 772 745 aeque
784 708 915 734 certos.
962 696 1150 741 Profecto,
1167 696 1324 742 inquies,
1336 694 1510 731 homines
1523 695 1709 731 voluntati
1721 701 1866 745 parent.

269 755 413 800 Audio,
432 754 490 791 sed
507 754 580 790 hoc
596 752 689 789 nihil
705 753 765 789 est.
821 750 948 802 Qualis
964 750 1066 787 causa
1080 750 1128 786 est
1149 749 1299 786 fortuna
1314 750 1352 785 in
1369 748 1554 794 universo,
1569 751 1652 786 talis
1670 751 1718 787 est
1737 753 1869 790 volun-

271 820 325 846 tas
345 809 382 845 in
395 808 562 845 homine.
621 809 659 843 Si
675 807 765 854 quid
781 818 873 855 crgo
889 817 958 841 nec
973 802 1048 841 fine
1064 802 1219 841 homine
1235 804 1467 852 producitur,
1484 806 1519 840 δε
1537 805 1627 847 jacet
1649 806 1761 859 etiam
1771 817 1869 844 extra

269 862 435 901 hominis
454 864 541 909 vias,
563 874 610 898 an
626 874 705 897 non
722 861 846 897 nihilo
865 860 1017 907 aequale
1034 859 1103 895 est?
1131 860 1263 895 Homo
1277 857 1388 895 etiam
1411 859 1450 894 in
1467 859 1648 906 quaedam
1675 861 1789 898 veluti
1804 867 1874 899 oc*

270 916 455 955 currentia
474 917 665 965 impingit,
691 917 760 951 alia
775 914 847 951 fine
870 912 1035 965 praeviso
1055 916 1091 950 6<
1121 913 1254 950 mediis
1287 912 1444 962 cognitis
1459 913 1660 961 exequitur.
1722 916 1867 953 Medio-

273 985 358 1009 rum
374 982 502 1008 tamen
520 972 697 1007 notitiam
713 983 755 1007 ex
771 970 891 1006 obviis
908 967 1029 1006 suunt.
1086 969 1176 1020 Quo
1190 966 1301 1016 igitur
1328 969 1367 1004 in
1390 980 1553 1004 numero
1569 981 1799 1018 reponentur
1814 983 1867 1018 ea,

270 1039 364 1077 quae
379 1038 449 1062 nec
466 1025 640 1063 effectum
655 1023 821 1071 obvium,
835 1036 904 1061 nec
920 1024 1149 1073 operationis
1164 1023 1325 1059 modum
1343 1023 1514 1060 &lucem
1530 1035 1572 1059 ex
1583 1023 1698 1061 obviis
1710 1024 1869 1064 sortiun-

272 1093 345 1118 tur.
402 1082 509 1118 Talia
524 1093 638 1132 opera
655 1076 910 1131 Epistemides
924 1089 1117 1124 vocantur,
1133 1078 1172 1114 id
1188 1078 1247 1123 est,
1264 1076 1436 1114 scientiae
1451 1077 1560 1124 filiae,
1576 1090 1671 1127 quae
1685 1083 1868 1120 nonalias

269 1136 308 1174 in
323 1136 447 1173 astum
462 1138 634 1181 veniunt,
655 1147 769 1182 quam
785 1146 849 1184 per
865 1133 1058 1170 scientiam
1075 1135 1110 1170 ὅ(
1126 1131 1473 1181 interpretationem
1489 1145 1645 1180 meram,
1666 1146 1757 1183 cum
1771 1134 1868 1174 nihi'l

266 1189 368 1228 obvii
383 1189 613 1227 contineant.
669 1191 769 1227 Inter
794 1190 883 1227 haec
899 1198 1026 1226 autem
1056 1190 1092 1225 ὅ(
1116 1188 1226 1225 obvia
1245 1196 1340 1238 quot
1362 1188 1495 1237 gradus
1521 1191 1709 1226 numerari
1736 1193 1870 1241 putas?

273 1248 309 1283 T
312 1258 394 1292 ene,
414 1246 478 1292 fili,
499 1248 536 1282 ὅ(
560 1242 724 1294 obsigna.
1832 1252 1835 1253 ’

322 1302 402 1337 XII.
423 1298 517 1337 'Pos
531 1312 594 1337 TR
606 1311 629 1336 E
640 1311 675 1336 Μ
686 1311 711 1336 o
727 1300 816 1337 loeo
828 1298 898 1335 tibi
914 1297 1083 1344 consulo,
1098 1297 1164 1343 fili,
1179 1298 1282 1345 quod
1298 1297 1397 1334 fa&o
1411 1295 1595 1346 imprimis
1610 1311 1702 1350 opus
1718 1299 1776 1347 est,
1793 1299 1868 1338 hoc

269 1355 318 1392 est
333 1366 374 1391 ut
394 1366 524 1392 mente
538 1354 748 1392 illuminata
763 1357 799 1391 &
817 1351 936 1390 sobria
950 1350 1298 1404 interpretationem
1324 1364 1451 1388 rerum
1479 1351 1690 1391 divinarum
1712 1357 1881 1404 &natu--

265 1411 402 1447 salium
418 1409 624 1459 distinguas,
651 1421 743 1446 neve
770 1409 833 1446 has
849 1410 930 1444 ullo
949 1408 1070 1444 modo
1099 1408 1196 1458 inter
1219 1406 1253 1443 se
1279 1405 1468 1443 committi
1495 1409 1643 1455 patiare.
1703 1409 1793 1455 Satis
1813 1423 1882 1459 er·-

266 1475 391 1501 ratum
406 1465 453 1501 est
468 1464 507 1502 in
522 1466 595 1501 hoc
609 1476 756 1513 genere.
815 1463 925 1500 Nihil
940 1462 1001 1498 hic
1020 1459 1088 1497 nifi
1104 1473 1171 1510 per
1192 1473 1319 1497 rerum
1335 1460 1431 1498 inter
1445 1461 1480 1498 se
1496 1459 1756 1512 similitudines
1766 1466 1866 1502 addi-

269 1518 396 1555 scitur:
427 1521 533 1570 Quae
548 1518 633 1555 lieet
645 1514 912 1554 dissimillimae
928 1516 1137 1562 videantur,
1153 1526 1330 1564 premunt
1346 1527 1474 1553 tamen
1493 1514 1771 1556 similitudinem
1786 1532 1868 1569 ger-

267 1586 418 1610 manam
434 1572 627 1625 interpreti
642 1583 788 1610 notam.
844 1573 947 1609 Deus
963 1581 1092 1608 autem
1107 1571 1177 1608 tibi
1194 1581 1343 1608 tantum
1358 1569 1487 1608 similis
1510 1571 1558 1608 est
1579 1573 1714 1621 absque
1737 1583 1863 1626 tropo.

266 1629 391 1680 Quare
407 1630 550 1665 nullam
571 1628 616 1664 ad
632 1629 711 1673 ejus
731 1628 997 1678 cognitionem
1013 1626 1103 1663 hine
1124 1625 1215 1663 lueis
1236 1622 1496 1663 sufficientiam
1526 1626 1698 1676 cxspesta.
1754 1630 1813 1667 Da
1826 1629 1866 1667 fi-

266 1682 337 1730 dei,
352 1696 445 1734 quae
457 1684 542 1721 fidei
560 1683 655 1720 sunt.

763 1753 959 1795 Tradendi
989 1754 1120 1795 modus
1145 1755 1352 1810 legitimus.

318 1851 413 1886 Rev
424 1860 446 1884 E
458 1860 483 1885 R
499 1860 512 1885 1
524 1859 562 1894 o,
583 1846 647 1893 fili,
661 1847 875 1896 complures
896 1847 935 1882 in
952 1859 1077 1884 rerum
1094 1846 1255 1895 scientia,
1271 1860 1384 1896 quam
1401 1844 1463 1885 sibi
1475 1846 1646 1887 videntur
1660 1850 1794 1902 adepti,
1806 1852 1864 1889 vel

264 1904 498 1952 proferenda,
514 1904 573 1940 vel
596 1902 716 1939 rursus
732 1901 956 1939 occultanda
972 1900 1191 1950 neutiquam
1215 1915 1235 1939 e
1264 1903 1336 1940 fide
1366 1902 1426 1940 sua
1446 1916 1487 1940 ac
1517 1901 1648 1941 officio
1671 1904 1706 1942 se
1721 1918 1863 1955 gerere.

264 1960 410 1995 Eodem
426 1958 579 2004 damno,
597 1959 682 1995 lieet
700 1958 808 2006 culpa
828 1956 973 1993 fortaffe
988 1955 1147 2004 minore,
1173 1969 1327 2007 peccant
1343 1960 1378 1995 ὅ(
1399 1959 1466 2005 illi,
1487 1961 1551 2010 qui
1578 1960 1694 2009 probe
1710 1961 1865 2008 quidem

264 2014 414 2059 morati,
442 2013 500 2049 sed
519 2012 640 2049 minus
661 2012 861 2062 prudentes
877 2010 973 2058 sunt,
998 2024 1068 2049 nec
1082 2022 1199 2049 artem
1216 2025 1256 2049 ae
1272 2024 1466 2064 praecepta
1481 2024 1625 2061 tenent,
1657 2027 1736 2063 quo
1754 2026 1864 2068 quae-

264 2079 338 2114 que
355 2068 475 2104 modo
490 2066 558 2104 {int
573 2067 828 2118 proponenda.
888 2068 1025 2114 Neque
1040 2078 1167 2104 tamen
1183 2068 1229 2104 de
1245 2067 1311 2104 hae
1340 2067 1570 2106 tradentium
1599 2068 1762 2106 scientias
1790 2068 1863 2109 five
1890 2100 1892 2102 -

265 2121 497 2170 malignitate
514 2121 584 2159 five
600 2121 741 2159 inscitia
757 2122 905 2170 querela
923 2121 970 2158 est
985 2121 1215 2159 instituenda.
1276 2124 1369 2160 Sane
1395 2121 1420 2160 fi
1449 2135 1575 2161 rerum
1600 2124 1768 2173 pondera
1798 2126 1866 2163 do-

263 2178 374 2214 cendi
401 2176 586 2229 imperitia
610 2177 809 2226 fregissent,
844 2188 925 2213 non
946 2175 1140 2214 immerito
1156 2179 1236 2226 quis
1251 2177 1478 2227 indignetur.
1535 2180 1680 2216 Rerum
1704 2192 1795 2217 vero
1810 2182 1865 2218 in-

265 2232 371 2280 eptiis
399 2232 562 2269 docendi
604 2231 931 2282 importunitatem
974 2233 1031 2269 vel
1067 2233 1145 2277 jure
1189 2233 1316 2269 deberi
1354 2232 1632 2270 existimandum
1666 2233 1725 2271 est.
1781 2236 1866 2286 Ego

264 2297 391 2323 autem
420 2289 534 2336 longe
562 2287 608 2324 ab
633 2286 687 2323 his
708 2287 872 2324 diversus
900 2295 937 2322 te
959 2287 1225 2336 impertiturus,
1260 2301 1340 2325 non
1362 2290 1504 2337 ingenii
1533 2300 1764 2337 commenta,
1794 2303 1865 2328 nec

264 2342 464 2379 verborum
485 2343 646 2387 umbras,
678 2354 748 2379 nec
764 2340 987 2390 religionem
1009 2341 1209 2387 admistam,
1232 2355 1301 2380 nec
1317 2342 1594 2380 observationes
1610 2344 1784 2392 quasdam
1799 2357 1866 2396 po-

264 2396 422 2445 pulareS,
446 2398 504 2434 vel
525 2399 780 2448 experimenta
808 2396 990 2445 quaedam
1019 2396 1172 2443 nobilia,
1205 2396 1242 2433 in
1277 2397 1443 2434 theoriae
1463 2397 1602 2435 fabulas
1622 2398 1844 2438 concinnata
1854 2415 1866 2442 ς

266 2450 328 2486 sed
351 2463 474 2488 revera
490 2462 662 2489 naturam
683 2464 770 2488 cum
797 2451 961 2488 foetibus
982 2450 1052 2488 suis
1076 2450 1141 2488 tibi
1163 2451 1369 2489 addicturus
1391 2454 1428 2488 ὅ(
1452 2454 1740 2502 mancipaturus,
1770 2467 1866 2491 num

265 2505 395 2541 videor
408 2505 569 2554 dignum
585 2516 851 2555 argumentum
882 2517 967 2555 prae
996 2506 1167 2544 manibus
1189 2506 1336 2554 habere,
1358 2507 1461 2554 quod
1496 2509 1675 2546 traetandi
1704 2509 1762 2546 vel
1790 2521 1866 2546 am-

263 2557 420 2605 bitione,
436 2562 494 2597 vel
521 2560 675 2608 inscitia,
694 2562 753 2599 vel
774 2563 870 2598 vitio
886 2562 1017 2609 quovis
1040 2562 1235 2610 polluam?
1280 2563 1332 2598 Ita
1361 2560 1440 2608 sim,
1460 2560 1525 2608 fili,
1559 2564 1685 2612 itaque
1710 2563 1864 2601 humani

264 2612 303 2650 in
324 2613 533 2652 universum
557 2615 703 2665 imperii
723 2616 904 2665 angustias
921 2627 1115 2664 nunquam
1133 2614 1212 2652 satis
1229 2616 1437 2667 deploratas
1465 2617 1510 2654 ad
1535 2618 1641 2655 datos
1671 2617 1762 2655 fines
1778 2631 1863 2669 pro-

263 2668 382 2705 feram
399 2666 521 2716 (quod
537 2671 629 2707 mihi
650 2683 692 2708 ex
709 2671 880 2708 humanis
896 2670 1020 2707 solum
1035 2672 1075 2708 in
1090 2670 1184 2708 votis
1200 2669 1296 2720 est3)
1328 2681 1368 2708 ut
1399 2670 1466 2708 tibi
1482 2674 1625 2722 optima
1647 2671 1731 2719 fide,
1752 2674 1865 2722 atque

263 2735 306 2759 ex
324 2719 498 2760 altissima
514 2724 650 2761 mentis
665 2738 769 2763 meae
794 2725 1042 2775 providentia,
1074 2728 1111 2762 ὅ(
1133 2723 1425 2775 exploratissimo
1452 2739 1575 2764 rerum
1592 2729 1628 2763 ὅ(
1646 2728 1865 2765 animorum

262 2778 353 2814 statu
378 2777 468 2814 haec
510 2778 706 2817 traditurus
744 2779 810 2816 sim
842 2781 964 2817 modo
998 2782 1176 2818 omnium
1208 2782 1370 2818 maxime
1407 2782 1592 2831 legitimo.
1657 2783 1751 2834 Quis
1783 2793 1865 2820 tan-

262 2833 351 2869 dem
379 2831 562 2881 (inquies)
594 2834 641 2870 est
670 2835 805 2872 modus
829 2833 891 2872 ille
916 2836 1138 2884 legitimus?
1180 2834 1284 2887 Qiin
1315 2847 1356 2873 tu
1372 2838 1482 2873 mitte
1506 2846 1598 2872 artes
1624 2837 1659 2872 &
1680 2836 1866 2887 ambages,

259 2897 339 2924 rem
361 2888 493 2923 exhibe
523 2887 665 2924 nudam
691 2888 811 2936 nobis,
840 2900 882 2926 ut
907 2891 1049 2936 judicio
1079 2891 1207 2927 nostro
1229 2883 1285 2928 uti
1315 2887 1506 2940 poflimus.
1562 2890 1690 2942 Atque
1706 2891 1864 2940 utinam,

260 2941 310 2978 fili
332 2938 554 2988 suavissime,
584 2943 736 2979 coloco
760 2942 828 2980 lint
843 2956 900 2981 res
924 2944 1068 2991 vestrae,
1098 2955 1138 2983 ut
1162 2945 1237 2982 hoc
1265 2945 1344 2982 fieri
1378 2945 1505 2994 poffet.
1563 2945 1628 2982 An
1658 2955 1700 2983 tu
1724 2947 1863 2995 censes,

260 3008 349 3033 cum
372 3008 507 3034 omnes
529 2998 706 3034 omniurn
735 3000 923 3034 mentium
943 3000 1063 3036 aditus
1091 3012 1132 3037 ac
1157 3009 1300 3038 meatus
1321 2995 1585 3036 obscurissimis
1601 3000 1722 3047 idolis,
1744 3001 1862 3051 iisque

262 3052 334 3089 alte
349 3050 588 3090 haerentibus
610 3054 647 3090 &
666 3050 793 3088 inustis
821 3049 952 3089 obsessi
976 3056 1013 3091 ὅ(
1029 3053 1203 3092 obstructi
1222 3052 1304 3102 sint,
1331 3055 1427 3092 veris
1450 3065 1575 3091 rerum
1592 3056 1627 3092 δε
1652 3054 1784 3094 nativis
1813 3056 1865 3094 ra·-

656 3118 669 3143 1
1793 3112 1864 3149 diis
