1973 3570
208 214 684 262 HISTORIA
738 214 1028 262 VITAE
1073 215 1181 262 ET
1234 218 1577 267 MORTIS.
1726 230 1810 273 162

60 315 194 354 omnia
209 315 327 360 enim,
358 325 455 362 quae
478 313 524 350 ad
539 313 722 351 duritiem
742 312 942 351 succorum
958 315 1163 365 pertinent,
1193 315 1379 360 ejusmodi
1405 317 1501 365 sunt,
1533 331 1572 357 ut
1594 333 1681 360 cum

0 362 1 393 l
59 370 233 407 alimenti
248 368 554 418 absumptionem
569 369 808 420 prohibeant,
839 371 953 406 etiam
975 369 1141 414 ejusdem
1157 373 1434 422 reparationem
1452 375 1679 424 impediant:

57 424 160 464 unde
184 423 226 461 fit
249 432 292 462 ut
314 424 554 462 diuturnitati
578 425 686 470 vitae,
725 425 857 462 cadem
884 427 921 462 ὅ(
946 422 1087 476 prosint
1116 428 1152 463 ὅ(
1171 424 1316 468 obsint3
1354 439 1389 464 at
1414 440 1507 476 quae
1534 430 1579 466 ad
1605 434 1673 468 rol?

58 478 291 517 cidationem
313 478 510 517 succorum
533 481 738 529 pertinent,
768 491 811 516 ex
836 490 994 529 utraque
1010 490 1115 531 parte
1138 481 1290 528 juvant3
1319 495 1407 520 cum
1434 484 1593 522 reddant
1615 487 1676 523 ali-

59 543 244 572 mentum
258 537 295 572 &
310 536 436 571 minus
450 530 670 582 dissipabile,
701 536 737 571 &e
753 534 869 584 magis
888 536 1104 586 reparabile.
1127 576 1137 581 ἡ

114 600 131 627 1
143 597 178 639 ς.
210 590 328 627 CUM
344 602 435 627 vcro
451 590 624 637 dicimus,
655 589 760 638 quod
774 588 901 627 succus
923 592 1093 642 corporis
1114 591 1246 629 debeat
1263 592 1340 629 fieri
1366 592 1531 631 roscidus
1547 598 1582 633 ἅ
1598 598 1676 645 pin>

58 645 164 694 gui53
191 645 406 697 notandum
427 644 486 691 est,
518 643 592 681 hoc
614 657 686 682 nos
701 656 783 681 non
807 643 1019 695 intelligere
1039 646 1086 684 de
1110 647 1353 698 pinguedine,
1384 660 1446 685 aut
1472 650 1578 702 adipe
1602 664 1676 689 ma·

58 699 205 747 infesto,
236 699 298 737 sed
313 700 359 736 de
374 711 460 736 rore
476 699 627 750 perfuso
644 702 681 737 δε
698 698 735 744 (ίῖ.
752 702 884 750 placet)
908 701 1058 738 radieali
1074 700 1113 738 in
1129 701 1204 754 ipsa
1219 705 1390 753 corpdris
1407 703 1617 743 substantia.

119 756 182 793 16.
213 756 391 806 NEQUE
414 753 538 792 rursus
559 754 739 793 existimet
752 755 934 807 quispiam
953 757 1095 804 oleum,
1125 768 1187 794 aut
1210 757 1362 807 pinguia
1378 760 1572 808 ciborum,
1605 772 1667 799 aut

58 810 255 857 medullas,
282 807 415 847 similia
436 807 502 846 fibi
523 821 712 859 generare,
742 820 853 859 atque
876 813 1084 849 intentioni
1106 813 1251 850 nostrae
1276 813 1505 856 satisfaccre3
1544 829 1671 866 neque

58 866 163 902 enim
177 877 273 914 quae
286 864 448 914 perfeeta
465 863 579 903 semel
595 865 691 913 sunt,
722 877 825 903 retro
841 875 1000 915 aguntur
1016 882 1026 907 ς
1054 866 1116 908 sed
1130 869 1219 905 talia
1234 869 1373 906 debent
1392 870 1461 907 cti'e
1478 872 1671 919 alimenta,

57 931 154 969 quae
174 920 256 973 post
275 919 521 970 digestionem
544 922 582 958 &
606 923 913 968 maturationem,
942 929 1025 959 tum
1050 923 1206 960 dcmutn
1232 922 1469 962 oleositatcm
1494 927 1535 963 in·
1560 926 1673 965 succis

57 986 296 1025 ingenerent.
496 1015 500 1019 ,

117 1040 179 1079 17.
210 1032 249 1070 N
258 1042 385 1082 EQUE
411 1029 533 1068 rursus
563 1030 742 1068 existimet
768 1027 950 1083 quispiam
975 1032 1118 1078 oleum,
1157 1030 1194 1070 &
1220 1035 1360 1084 pingue
1388 1047 1664 1086 coacervatum,

57 1088 96 1124 ὅ(
109 1084 274 1136 simplex,
294 1083 457 1123 difficilis
471 1085 541 1122 effe
555 1082 824 1137 dissipationis3
846 1088 886 1122 in
902 1086 1076 1123 mistione
1091 1098 1216 1124 autem
1233 1101 1313 1126 non
1328 1090 1488 1126 eandem
1505 1091 1666 1130 retinere

56 1151 251 1182 naturam3
270 1143 414 1179 etenim
426 1141 751 1189 quemadmodum
766 1138 895 1178 oleum
907 1153 973 1192 per
988 1140 1023 1177 se
1034 1143 1160 1179 multo
1175 1141 1288 1180 scrius
1300 1143 1535 1182 consumitur
1553 1159 1670 1194 quam

28 1225 31 1226 γ
56 1209 163 1245 aqua,
190 1194 241 1233 ita
260 1198 373 1233 etiam
394 1197 433 1232 in
448 1207 602 1244 papyro,-
632 1206 694 1234 aut
717 1196 877 1243 stidario,
908 1196 1047 1233 diutius
1063 1197 1209 1244 haeret,
1235 1201 1272 1235 ὃς
1292 1199 1431 1236 tardius
1445 1198 1667 1244 desiccatum

56 1260 98 1290 ut
111 1253 214 1303 prius
233 1253 461 1289 notavimus.
1440 1293 1443 1295 Α

115 1305 177 1345 18.
205 1306 279 1344 An
306 1307 575 1343 irrorationem
601 1308 771 1357 corporis
786 1307 921 1343 melius
948 1306 1091 1344 faciunt
1106 1309 1181 1345 eibi
1205 1306 1314 1356 affati,
1345 1319 1407 1347 aut
1421 1310 1538 1347 furno
1558 1313 1672 1360 coeii,-

55 1374 170 1412 quam
193 1363 300 1399 elixi:
338 1372 449 1410 atque
478 1360 602 1399 omnis
624 1363 853 1414 praeparatio
881 1363 1057 1399 ciborum
1083 1375 1172 1401 cum
1201 1376 1295 1412 aqua
1322 1365 1569 1404 incommoda
1596 1367 1670 1409 est3·

57 1419 268 1467 quinetiam
291 1419 328 1455 δε
353 1418 483 1455 oleum
510 1416 694 1467 copiosius
721 1418 805 1455 elici
829 1417 998 1456 videmus
1021 1428 1064 1455 ex
1087 1420 1313 1469 corporibus
1335 1418 1448 1467 siccis,
1487 1433 1600 1469 quam
1625 1435 1668 1461 ex

59 1473 240 1511 humidis.
1056 1472 1059 1474 ’

117 1530 179 1576 1'9.
210 1529 581 1567 GENERALITER
605 1529 651 1566 ad
666 1529 934 1565 irro'ta'tionem
960 1530 1132 1579 eorporis
1150 1529 1300 1582 prodest
1323 1532 1465 1568 multus
1480 1531 1564 1570 usus
1587 1534 1667 1571 dul·-

56 1586 173 1631 cium,
224 1583 394 1630 saccinti,
437 1585 573 1630 mellis,
615 1584 896 1634 amygdalarum
930 1584 1112 1631 dulcium,
1164 1587 1373 1634 pinearum,
1415 1586 1665 1637 pistaciorum,

56 1639 305 1689 dac‘iylcSrum,
343 1651 499 1677 uvarum
524 1639 718 1691 passarum,
755 1651 911 1677 uvarum
944 1640 1136 1687 Corinthi,
1174 1640 1327 1687 ficuum,
1365 1644 1401 1678 ὅ(
1425 1641 1641 1686 hujusmodi
1659 1659 1668 1682 :

55 1706 201 1742 contra,-
221 1695 354 1733 omnia
368 1695 481 1742 acida,
503 1697 540 1732 ὃ(
555 1694 718 1732 nimium
734 1694 832 1741 salsa,
854 1697 890 1732 ὃ(
905 1696 1069 1732 nimium
1084 1697 1192 1742 aeria,
1213 1695 1297 1734 sunt
1312 1699 1551 1746 generationi
1569 1697 1667 1737 succi·

58 1749 193 1788 roscidi
208 1748 386 1802 oppofita.

56 1818 60 1822 ·
113 1817 177 1842 20.
208 1808 247 1844 N
257 1809 382 1857 'EQUE
400 1806 630 1844 Manichacis
650 1811 860 1855 eorumque
880 1803 1022 1844 diaetae
1041 1807 1164 1845 favere
1184 1805 1481 1856 existimabimur,
1511 1806 1536 1845 fi
1556 1809 1663 1847 serni-

59 1873 108 1898 na
129 1872 309 1909 quaeque,
340 1863 376 1897 &
397 1863 563 1909 nucleos,
594 1864 630 1898 δε
647 1863 785 1899 radices
801 1863 841 1899 in
856 1863 948 1899 cibis
962 1873 1026 1900 aut
1039 1875 1176 1900 eorum·
1195 1863 1462 1910 condimentis,
1492 1863 1664 1914 frequen·-

55 1918 107 1953 tia
122 1916 191 1953 effe
206 1917 341 1953 debere
360 1916 549 1957 dicamus;
580 1917 890 1966 quandoquidem
910 1920 1038 1954 omnis
1052 1920 1169 1967 panis,
1202 1918 1320 1969 (panis
1340 1928 1466 1956 autem
1485 1919 1665 1958 ciborum⁴

58 1972 342 2009 firmamentum
357 1969 431 2019 est,)
462 1983 524 2010 aut
539 1975 581 2008 ex
598 1971 800 2010 seminibus
816 1971 876 2019 est,
905 1983 967 2010 aut
987 1985 1029 2010 ex
1047 1973 1241 2010 radicibus.

115 2038 179 2064 21.
209 2027 351 2063 ANTE
367 2028 497 2064 omnia
516 2031 609 2065 vero
628 2029 672 2064 ad
694 2029 961 2065 irrorationem
981 2029 1151 2077 corporis
1166 2030 1327 2065 maxime
1342 2027 1428 2066 facit
1448 2039 1579 2066 natura
1598 2042 1664 2081 po-

58 2093 129 2129 tuS,
157 2084 222 2130 qui
237 2082 411 2118 ciborum
426 2082 640 2120 vehiculum
657 2081 723 2120 est:
753 2084 876 2131 itaque
892 2085 931 2120 in
948 2082 1014 2121 usu
1027 2081 1097 2120 sint
1111 2094 1223 2133 potus
1235 2085 1302 2130 illi,
1325 2083 1387 2132 qui
1402 2083 1537 2132 absque
1553 2087 1664 2122 omni

57 2136 274 2184 acrimonia,
312 2147 374 2173 aut
395 2138 560 2183 accdine,
599 2137 747 2175 subtiles
766 2148 894 2175 tamen
915 2137 997 2185 sint,
1035 2141 1162 2187 quales
1182 2139 1266 2176 sunt
1289 2141 1387 2185 vina,
1427 2139 1481 2186 (ut
1502 2141 1551 2176 ait
1571 2151 1662 2176 anus

57 2193 154 2243 apud
174 2193 362 2239 Plautum)
379 2192 554 2229 vetustate
574 2193 759 2240 edentula,
790 2196 827 2230 ὅ(
847 2192 994 2231 cervisia
1013 2194 1178 2239 ejusdem
1198 2195 1356 2242 generis.

113 2258 131 2284 2
142 2258 175 2284 2.
206 2249 342 2284 HYDR
352 2258 419 2284 oM
430 2259 485 2284 ΕΙ,
505 2248 558 2294 (ut
571 2248 807 2296 arbitramur)
824 2261 904 2285 non
920 2248 1019 2285 foret
1032 2250 1188 2294 malum,
1209 2247 1233 2284 fi
1245 2249 1358 2284 fuerit
1372 2247 1473 2284 forte
1488 2250 1523 2284 ὅ(
1535 2258 1639 2286 vetus
1649 2262 1664 2291 ς

57 2313 222 2340 attamen
244 2304 426 2351 quoniam
441 2314 558 2339 omne
579 2304 654 2339 mel
669 2304 779 2340 habet
795 2302 933 2351 aliquid
949 2313 1112 2348 acutum,
1144 2303 1198 2348 (ut
1218 2312 1318 2351 patet
1339 2314 1381 2338 cx
1402 2304 1581 2340 acerrima
1596 2305 1661 2342 illa

57 2370 170 2406 aqua,
201 2357 496 2406 quam-chymici
522 2370 564 2394 ex
590 2370 638 2395 eo
664 2358 873 2404 extrahunt,
911 2369 1006 2405 quae
1034 2359 1148 2393 etiam
1167 2358 1317 2393 metalla
1344 2356 1480 2405 solvit,)
1520 2360 1656 2396 melius

56 2414 168 2460 foret,
187 2411 211 2449 fi
224 2413 267 2449 lie
274 2424 327 2449 ret
342 2410 468 2449 similis
481 2415 589 2462 potio
605 2425 646 2450 cx
659 2413 843 2459 saccharo,
865 2425 945 2449 non
962 2411 1086 2449 infuso
1098 2413 1242 2459 leviter,
1263 2411 1387 2448 sedita
1402 2413 1660 2462 incorporato,

54 2468 381 2518 quemadmodum
398 2470 473 2505 mel
489 2467 582 2505 solet
598 2469 667 2505 effe
683 2471 722 2505 in
738 2468 1003 2517 hydromelite,
1029 2470 1065 2504 &
1080 2479 1175 2515 quae
1190 2467 1321 2504 habeat
1336 2467 1555 2504 vetustatem
1571 2470 1662 2506 anni

56 2533 119 2561 aut
137 2523 194 2561 sex
215 2520 419 2563 mensiums
448 2523 548 2561 unde
567 2536 661 2573 aqua
675 2525 898 2561 cruditatem
919 2523 1097 2572 deponat,
1127 2525 1164 2560 &
1183 2521 1396 2560 saccharum
1417 2521 1663 2561 subtilitatem

55 2581 230 2629 acquirat.

114 2646 132 2672 2
142 2646 176 2685 3.
208 2635 383 2685 ATQUE
407 2634 561 2673 vetustas
582 2635 662 2672 vini
692 2644 754 2671 aut
783 2644 893 2683 potus
921 2633 996 2670 hoc
1020 2633 1155 2674 haben
1195 2633 1300 2681 quod
1329 2631 1574 2670 subtilitatem
1601 2646 1662 2684 ge-

59 2701 164 2728 nerat
182 2692 221 2726 in
242 2690 407 2738 partibus
424 2691 594 2738 liquoris,
624 2691 872 2726 acrimoniam
889 2690 928 2725 in
951 2689 1158 2740 spiritibus3
1187 2700 1352 2736 quorum
1372 2689 1539 2739 primum
1556 2691 1659 2735 utile,

59 2745 261 2782 secundum
278 2747 456 2786 noxium3
487 2747 611 2793 itaque
626 2744 671 2780 ad
686 2744 782 2781 hanc
803 2745 1137 2792 complicationem
1154 2743 1405 2790 enodandam,
1434 2745 1604 2780 mittatur
1618 2744 1659 2780 in

59 2801 219 2846 dolium,
249 2801 462 2852 priusquam
488 2800 662 2837 resederit
684 2800 861 2836 nonnihil
886 2801 1018 2836 vinum
1035 2812 1054 2836 a
1077 2797 1210 2845 mustO,
1240 2810 1329 2835 caro
1351 2797 1469 2845 suilla,
1498 2808 1559 2834 aut
1583 2798 1659 2834 cer'-

59 2857 144 2892 vina
159 2858 253 2892 bene
274 2857 389 2901 coela,
421 2867 461 2894 ut
481 2856 640 2892 habeant
657 2854 803 2905 spiritus
818 2855 908 2900 vini,
938 2855 1042 2902 quod
1057 2855 1252 2891 ruminent
1269 2856 1306 2891 ὃ(
1325 2854 1518 2899 mandant,
1547 2863 1658 2900 atque

59 2910 146 2946 inde
163 2911 447 2948 mordacitatem
464 2911 564 2948 suam
580 2911 783 2961 deponant.

117 2977 178 3013 24.
211 2968 487 3003 SIM'1L1TER
513 2964 538 3003 fi
567 2966 718 3013 recipiat
747 2962 905 3010 cervilia,
947 2975 1027 3000 non
1054 2963 1178 3002 solum
1203 2977 1319 3014 grana
1343 2962 1472 3007 tritici,
1511 2961 1658 3008 hordei,

61 3032 273 3066 avenarum,
311 3021 484 3069 pisarum,
523 3024 591 3059 &c.
612 3020 673 3057 scd
698 3022 813 3056 etiam
842 3030 985 3068 partem
1014 3019 1116 3070 (puta
1135 3022 1298 3067 tertiam)
1327 3031 1368 3054 ex
1390 3016 1572 3053 radicibus
1598 3027 1660 3055 aut

60 3077 181 3126 pulpis
210 3077 420 3126 pinguibus,
461 3077 596 3126 (qualia
624 3075 707 3113 sunt
729 3076 868 3112 radices
894 3075 1046 3124 potado,
1084 3076 1270 3112 medullae
1296 3072 1484 3123 ati-iplicis,
1521 3072 1660 3108 radices

60 3123 72 3127 “
113 3132 220 3170 VOL.
253 3132 295 3169 ΙΙ,
841 3132 876 3167 X
1466 3125 1659 3172 bardanac,
