<?xml version="1.0" encoding="UTF-8"?>
<!DOCTYPE html PUBLIC "-//W3C//DTD XHTML 1.0 Transitional//EN"
    "http://www.w3.org/TR/xhtml1/DTD/xhtml1-transitional.dtd">
<html xmlns="http://www.w3.org/1999/xhtml" xml:lang="en" lang="en">
 <head>
  <title>
</title>
<meta http-equiv="Content-Type" content="text/html;charset=utf-8" />
  <meta name='ocr-system' content='tesseract 3.04.00' />
  <meta name='ocr-capabilities' content='ocr_page ocr_carea ocr_par ocr_line ocrx_word'/>
</head>
<body>
  <div class='ocr_page' id='page_1' title='image "./worksoffrancisba02baco_0318.png"; bbox 0 0 1973 3570; ppageno 0'>
   <div class='ocr_carea' id='block_1_1' title="bbox 104 203 1798 280">
    <p class='ocr_par' dir='ltr' id='par_1_1' title="bbox 104 203 1798 280">
     <span class='ocr_line' id='line_1_1' title="bbox 104 203 1798 280; baseline -0.008 -15"><span class='ocrx_word' id='word_1_1' title='bbox 104 233 204 280; x_wconf 82' lang='lat'><strong>304</strong></span> <span class='ocrx_word' id='word_1_2' title='bbox 291 206 816 261; x_wconf 89' lang='lat' dir='ltr'>DESCRIPTIO</span> <span class='ocrx_word' id='word_1_3' title='bbox 857 205 1080 253; x_wconf 86' lang='lat' dir='ltr'>GLOBI</span> <span class='ocrx_word' id='word_1_4' title='bbox 1117 203 1798 253; x_wconf 87' lang='lat' dir='ltr'>INTELLECTUAL.</span> 
     </span>
    </p>
   </div>
   <div class='ocr_carea' id='block_1_2' title="bbox 271 297 1947 3193">
    <p class='ocr_par' dir='ltr' id='par_1_2' title="bbox 271 297 1947 3152">
     <span class='ocr_line' id='line_1_2' title="bbox 273 297 1874 355; baseline -0.004 -6"><span class='ocrx_word' id='word_1_5' title='bbox 273 309 459 351; x_wconf 79' lang='lat' dir='ltr'><em>Varronis</em></span> <span class='ocrx_word' id='word_1_6' title='bbox 474 321 564 346; x_wconf 85' lang='lat' dir='ltr'><strong>vero</strong></span> <span class='ocrx_word' id='word_1_7' title='bbox 579 307 745 345; x_wconf 72' lang='lat' dir='ltr'><strong>hominis</strong></span> <span class='ocrx_word' id='word_1_8' title='bbox 760 306 800 341; x_wconf 89' lang='lat' dir='ltr'><strong>in</strong></span> <span class='ocrx_word' id='word_1_9' title='bbox 816 301 1031 354; x_wconf 71' lang='lat' dir='ltr'>antiquitate</span> <span class='ocrx_word' id='word_1_10' title='bbox 1047 297 1257 352; x_wconf 86' lang='lat' dir='ltr'><strong>peritiffimi</strong></span> <span class='ocrx_word' id='word_1_11' title='bbox 1273 303 1450 347; x_wconf 86' lang='lat' dir='ltr'><strong>narratio,</strong></span> <span class='ocrx_word' id='word_1_12' title='bbox 1462 313 1556 349; x_wconf 88' lang='lat' dir='ltr'><strong>quae</strong></span> <span class='ocrx_word' id='word_1_13' title='bbox 1571 303 1761 341; x_wconf 89' lang='lat' dir='ltr'><strong>invenitur</strong></span> <span class='ocrx_word' id='word_1_14' title='bbox 1777 305 1874 355; x_wconf 78' lang='lat' dir='ltr'><strong>apud</strong></span> 
     </span>
     <span class='ocr_line' id='line_1_3' title="bbox 271 355 1874 418; baseline -0.004 -14"><span class='ocrx_word' id='word_1_15' title='bbox 271 363 530 418; x_wconf 74' lang='lat' dir='ltr'><strong>Augnstinum</strong></span> <span class='ocrx_word' id='word_1_16' title='bbox 549 364 594 400; x_wconf 92' lang='lat' dir='ltr'><strong>de</strong></span> <span class='ocrx_word' id='word_1_17' title='bbox 612 361 712 398; x_wconf 86' lang='lat' dir='ltr'><strong>stella</strong></span> <span class='ocrx_word' id='word_1_18' title='bbox 729 358 914 399; x_wconf 74' lang='lat' dir='ltr'><strong>Veneris:</strong></span> <span class='ocrx_word' id='word_1_19' title='bbox 944 358 1049 393; x_wconf 86' lang='lat' dir='ltr'><strong>illam</strong></span> <span class='ocrx_word' id='word_1_20' title='bbox 1066 355 1202 393; x_wconf 84' lang='lat' dir='ltr'><strong>scilicet</strong></span> <span class='ocrx_word' id='word_1_21' title='bbox 1215 367 1388 408; x_wconf 91' lang='lat' dir='ltr'><strong>tempore</strong></span> <span class='ocrx_word' id='word_1_22' title='bbox 1406 355 1561 408; x_wconf 81' lang='lat' dir='ltr'><strong>Ogygis</strong></span> <span class='ocrx_word' id='word_1_23' title='bbox 1576 357 1670 407; x_wconf 85' lang='lat' dir='ltr'><strong>regis</strong></span> <span class='ocrx_word' id='word_1_24' title='bbox 1686 360 1874 397; x_wconf 71' lang='lat' dir='ltr'><strong>mutavifl&#39;e</strong></span> 
     </span>
     <span class='ocr_line' id='line_1_4' title="bbox 271 410 1875 467; baseline -0.005 -8"><span class='ocrx_word' id='word_1_25' title='bbox 271 423 457 467; x_wconf 91' lang='lat' dir='ltr'><strong>colorem,</strong></span> <span class='ocrx_word' id='word_1_26' title='bbox 473 416 774 467; x_wconf 77' lang='lat' dir='ltr'>magnitudinem</span> <span class='ocrx_word' id='word_1_27' title='bbox 793 417 830 450; x_wconf 64' lang='grc' dir='ltr'><strong>ὃς</strong></span> <span class='ocrx_word' id='word_1_28' title='bbox 848 413 1020 463; x_wconf 82' lang='lat' dir='ltr'><strong>figuram,</strong></span> <span class='ocrx_word' id='word_1_29' title='bbox 1051 410 1183 447; x_wconf 82' lang='lat' dir='ltr'>dubiae</span> <span class='ocrx_word' id='word_1_30' title='bbox 1204 410 1289 447; x_wconf 82' lang='lat' dir='ltr'><strong>fidei</strong></span> <span class='ocrx_word' id='word_1_31' title='bbox 1307 410 1376 448; x_wconf 74' lang='lat' dir='ltr'><strong>ess&#39;e</strong></span> <span class='ocrx_word' id='word_1_32' title='bbox 1403 412 1540 462; x_wconf 89' lang='lat' dir='ltr'><strong>potuit,</strong></span> <span class='ocrx_word' id='word_1_33' title='bbox 1562 413 1602 447; x_wconf 94' lang='lat' dir='ltr'><strong>ni</strong></span> <span class='ocrx_word' id='word_1_34' title='bbox 1637 411 1751 450; x_wconf 80' lang='lat' dir='ltr'><strong>simile</strong></span> <span class='ocrx_word' id='word_1_35' title='bbox 1768 426 1875 452; x_wconf 82' lang='lat' dir='ltr'><strong>even-</strong></span> 
     </span>
     <span class='ocr_line' id='line_1_5' title="bbox 271 464 1876 522; baseline -0.006 -8"><span class='ocrx_word' id='word_1_36' title='bbox 271 486 356 514; x_wconf 88' lang='lat' dir='ltr'><strong>tum</strong></span> <span class='ocrx_word' id='word_1_37' title='bbox 371 475 507 512; x_wconf 83' lang='lat' dir='ltr'><strong>celebri</strong></span> <span class='ocrx_word' id='word_1_38' title='bbox 524 472 729 522; x_wconf 63' lang='lat' dir='ltr'><strong>spectaculo</strong></span> <span class='ocrx_word' id='word_1_39' title='bbox 744 479 861 506; x_wconf 81' lang='lat' dir='ltr'><strong>aetate</strong></span> <span class='ocrx_word' id='word_1_40' title='bbox 877 464 1001 504; x_wconf 79' lang='lat' dir='ltr'><strong>nostra</strong></span> <span class='ocrx_word' id='word_1_41' title='bbox 1025 476 1040 501; x_wconf 91' lang='lat'>1</span> <span class='ocrx_word' id='word_1_42' title='bbox 1053 464 1131 514; x_wconf 86' lang='lat'><strong>578</strong></span> <span class='ocrx_word' id='word_1_43' title='bbox 1147 465 1361 502; x_wconf 80' lang='lat' dir='ltr'><strong>recurriss&#39;et.</strong></span> <span class='ocrx_word' id='word_1_44' title='bbox 1415 467 1518 503; x_wconf 83' lang='lat' dir='ltr'><strong>Nam</strong></span> <span class='ocrx_word' id='word_1_45' title='bbox 1538 476 1621 502; x_wconf 89' lang='lat' dir='ltr'><strong>tum</strong></span> <span class='ocrx_word' id='word_1_46' title='bbox 1638 480 1790 516; x_wconf 85' lang='lat' dir='ltr'><strong>quoque</strong></span> <span class='ocrx_word' id='word_1_47' title='bbox 1810 481 1876 520; x_wconf 82' lang='lat' dir='ltr'><strong>per</strong></span> 
     </span>
     <span class='ocr_line' id='line_1_6' title="bbox 273 519 1876 578; baseline -0.006 -9"><span class='ocrx_word' id='word_1_48' title='bbox 273 543 418 568; x_wconf 82' lang='lat' dir='ltr'><strong>annum</strong></span> <span class='ocrx_word' id='word_1_49' title='bbox 433 531 624 578; x_wconf 87' lang='lat' dir='ltr'><strong>integrum</strong></span> <span class='ocrx_word' id='word_1_50' title='bbox 641 526 797 563; x_wconf 87' lang='lat' dir='ltr'><strong>novatio</strong></span> <span class='ocrx_word' id='word_1_51' title='bbox 812 524 903 560; x_wconf 45' lang='lat' dir='ltr'><strong>facia</strong></span> <span class='ocrx_word' id='word_1_52' title='bbox 928 521 975 558; x_wconf 82' lang='lat' dir='ltr'><strong>est</strong></span> <span class='ocrx_word' id='word_1_53' title='bbox 1005 519 1261 557; x_wconf 85' lang='lat' dir='ltr'><strong>memorabilis</strong></span> <span class='ocrx_word' id='word_1_54' title='bbox 1290 522 1331 556; x_wconf 88' lang='lat' dir='ltr'><strong>in</strong></span> <span class='ocrx_word' id='word_1_55' title='bbox 1354 520 1453 556; x_wconf 90' lang='lat' dir='ltr'><strong>stella</strong></span> <span class='ocrx_word' id='word_1_56' title='bbox 1477 519 1636 557; x_wconf 75' lang='lat' dir='ltr'><strong>Veneris</strong></span> <span class='ocrx_word' id='word_1_57' title='bbox 1666 535 1759 570; x_wconf 82' lang='lat' dir='ltr'><strong>quac</strong></span> <span class='ocrx_word' id='word_1_58' title='bbox 1788 535 1876 560; x_wconf 84' lang='lat' dir='ltr'><strong>con·</strong></span> 
     </span>
     <span class='ocr_line' id='line_1_7' title="bbox 275 573 1877 636; baseline -0.005 -13"><span class='ocrx_word' id='word_1_59' title='bbox 275 586 495 636; x_wconf 84' lang='lat' dir='ltr'><strong>spiciebatur</strong></span> <span class='ocrx_word' id='word_1_60' title='bbox 511 580 770 631; x_wconf 87' lang='lat' dir='ltr'><strong>magnitudine</strong></span> <span class='ocrx_word' id='word_1_61' title='bbox 795 581 830 615; x_wconf 57' lang='grc' dir='ltr'><strong>ὃς</strong></span> <span class='ocrx_word' id='word_1_62' title='bbox 847 576 1042 627; x_wconf 78' lang='lat' dir='ltr'><strong>splendore</strong></span> <span class='ocrx_word' id='word_1_63' title='bbox 1070 573 1239 621; x_wconf 89' lang='lat' dir='ltr'><strong>insolitis,</strong></span> <span class='ocrx_word' id='word_1_64' title='bbox 1260 573 1439 612; x_wconf 80' lang='lat' dir='ltr'><strong>rubedine</strong></span> <span class='ocrx_word' id='word_1_65' title='bbox 1463 573 1639 611; x_wconf 78' lang='lat' dir='ltr'><strong>Martem</strong></span> <span class='ocrx_word' id='word_1_66' title='bbox 1673 577 1794 626; x_wconf 76' lang='lat' dir='ltr'><strong>ipsum</strong></span> <span class='ocrx_word' id='word_1_67' title='bbox 1823 577 1877 615; x_wconf 89' lang='lat' dir='ltr'><strong>su·</strong></span> 
     </span>
     <span class='ocr_line' id='line_1_8' title="bbox 276 628 1879 690; baseline -0.005 -12"><span class='ocrx_word' id='word_1_68' title='bbox 276 640 439 690; x_wconf 82' lang='lat' dir='ltr'><strong>perabat,</strong></span> <span class='ocrx_word' id='word_1_69' title='bbox 473 641 508 675; x_wconf 77' lang='grc' dir='ltr'><strong>ὅ(</strong></span> <span class='ocrx_word' id='word_1_70' title='bbox 529 637 686 686; x_wconf 80' lang='lat' dir='ltr'><strong>figuram</strong></span> <span class='ocrx_word' id='word_1_71' title='bbox 702 632 838 685; x_wconf 78' lang='lat' dir='ltr'><strong>saepius</strong></span> <span class='ocrx_word' id='word_1_72' title='bbox 857 632 1037 677; x_wconf 80' lang='lat' dir='ltr'><strong>mutabat,</strong></span> <span class='ocrx_word' id='word_1_73' title='bbox 1060 629 1153 666; x_wconf 55' lang='lat' dir='ltr'><strong>facia</strong></span> <span class='ocrx_word' id='word_1_74' title='bbox 1178 628 1407 678; x_wconf 79' lang='lat' dir='ltr'><strong>quandoque</strong></span> <span class='ocrx_word' id='word_1_75' title='bbox 1436 630 1682 679; x_wconf 75' lang='lat' dir='ltr'><strong>triangularis,</strong></span> <span class='ocrx_word' id='word_1_76' title='bbox 1711 628 1879 679; x_wconf 85' lang='lat' dir='ltr'><strong>quando·</strong></span> 
     </span>
     <span class='ocr_line' id='line_1_9' title="bbox 279 683 1880 744; baseline -0.005 -12"><span class='ocrx_word' id='word_1_77' title='bbox 279 708 354 744; x_wconf 91' lang='lat' dir='ltr'><strong>que</strong></span> <span class='ocrx_word' id='word_1_78' title='bbox 384 689 698 742; x_wconf 80' lang='lat' dir='ltr'><strong>quadrangularis,</strong></span> <span class='ocrx_word' id='word_1_79' title='bbox 733 687 844 725; x_wconf 84' lang='lat' dir='ltr'><strong>ctiam</strong></span> <span class='ocrx_word' id='word_1_80' title='bbox 869 686 1042 731; x_wconf 86' lang='lat' dir='ltr'><strong>rotunda,</strong></span> <span class='ocrx_word' id='word_1_81' title='bbox 1076 695 1116 721; x_wconf 91' lang='lat' dir='ltr'><strong>ut</strong></span> <span class='ocrx_word' id='word_1_82' title='bbox 1140 686 1180 721; x_wconf 87' lang='lat' dir='ltr'><strong>in</strong></span> <span class='ocrx_word' id='word_1_83' title='bbox 1204 683 1275 734; x_wconf 80' lang='lat' dir='ltr'><strong>ipsa</strong></span> <span class='ocrx_word' id='word_1_84' title='bbox 1306 684 1415 721; x_wconf 77' lang='lat' dir='ltr'><strong>massa</strong></span> <span class='ocrx_word' id='word_1_85' title='bbox 1445 687 1480 721; x_wconf 72' lang='grc' dir='ltr'><strong>ὃ(</strong></span> <span class='ocrx_word' id='word_1_86' title='bbox 1511 683 1703 722; x_wconf 79' lang='lat' dir='ltr'><strong>substantia</strong></span> <span class='ocrx_word' id='word_1_87' title='bbox 1732 687 1880 735; x_wconf 80' lang='lat' dir='ltr'><strong>prorsus</strong></span> 
     </span>
     <span class='ocr_line' id='line_1_10' title="bbox 280 737 1881 802; baseline -0.005 -15"><span class='ocrx_word' id='word_1_88' title='bbox 280 752 357 802; x_wconf 82' lang='lat' dir='ltr'><strong>pati</strong></span> <span class='ocrx_word' id='word_1_89' title='bbox 377 750 574 786; x_wconf 84' lang='lat' dir='ltr'><strong>videretur.</strong></span> <span class='ocrx_word' id='word_1_90' title='bbox 632 746 736 795; x_wconf 76' lang='lat' dir='ltr'><strong>Quin</strong></span> <span class='ocrx_word' id='word_1_91' title='bbox 757 741 869 778; x_wconf 79' lang='lat' dir='ltr'><strong>ctiam</strong></span> <span class='ocrx_word' id='word_1_92' title='bbox 896 741 996 777; x_wconf 86' lang='lat' dir='ltr'><strong>stella</strong></span> <span class='ocrx_word' id='word_1_93' title='bbox 1024 738 1087 775; x_wconf 87' lang='lat' dir='ltr'><strong>illa</strong></span> <span class='ocrx_word' id='word_1_94' title='bbox 1107 751 1148 775; x_wconf 86' lang='lat' dir='ltr'><strong>ex</strong></span> <span class='ocrx_word' id='word_1_95' title='bbox 1172 740 1369 785; x_wconf 83' lang='lat' dir='ltr'><strong>veteribus,</strong></span> <span class='ocrx_word' id='word_1_96' title='bbox 1394 751 1487 787; x_wconf 85' lang='lat' dir='ltr'><strong>quac</strong></span> <span class='ocrx_word' id='word_1_97' title='bbox 1512 737 1550 775; x_wconf 90' lang='lat' dir='ltr'><strong>in</strong></span> <span class='ocrx_word' id='word_1_98' title='bbox 1574 751 1665 776; x_wconf 81' lang='lat' dir='ltr'><strong>coxa</strong></span> <span class='ocrx_word' id='word_1_99' title='bbox 1695 740 1881 780; x_wconf 75' lang='lat' dir='ltr'><strong>caniculae</strong></span> 
     </span>
     <span class='ocr_line' id='line_1_11' title="bbox 281 790 1880 852; baseline -0.005 -11"><span class='ocrx_word' id='word_1_100' title='bbox 281 804 345 842; x_wconf 69' lang='lat' dir='ltr'><strong>{ita</strong></span> <span class='ocrx_word' id='word_1_101' title='bbox 368 802 431 849; x_wconf 80' lang='lat' dir='ltr'><strong>est,</strong></span> <span class='ocrx_word' id='word_1_102' title='bbox 459 813 572 852; x_wconf 90' lang='lat' dir='ltr'><strong>quam</strong></span> <span class='ocrx_word' id='word_1_103' title='bbox 593 799 667 850; x_wconf 92' lang='lat' dir='ltr'><strong>ipse</strong></span> <span class='ocrx_word' id='word_1_104' title='bbox 692 797 725 834; x_wconf 84' lang='lat' dir='ltr'><strong>se</strong></span> <span class='ocrx_word' id='word_1_105' title='bbox 755 795 879 834; x_wconf 77' lang='lat' dir='ltr'><strong>vidisse</strong></span> <span class='ocrx_word' id='word_1_106' title='bbox 907 793 995 830; x_wconf 83' lang='lat' dir='ltr'><strong>dicit</strong></span> <span class='ocrx_word' id='word_1_107' title='bbox 1019 790 1264 842; x_wconf 68' lang='lat' dir='ltr'><strong>Aristoteles,</strong></span> <span class='ocrx_word' id='word_1_108' title='bbox 1301 806 1433 830; x_wconf 86' lang='lat' dir='ltr'><strong>comae</strong></span> <span class='ocrx_word' id='word_1_109' title='bbox 1460 794 1636 830; x_wconf 79' lang='lat' dir='ltr'><strong>nonnihil</strong></span> <span class='ocrx_word' id='word_1_110' title='bbox 1666 794 1880 843; x_wconf 77' lang='lat' dir='ltr'><strong>habentem,</strong></span> 
     </span>
     <span class='ocr_line' id='line_1_12' title="bbox 281 849 1881 906; baseline -0.005 -10"><span class='ocrx_word' id='word_1_111' title='bbox 281 870 440 906; x_wconf 87' lang='lat' dir='ltr'><strong>eamque</strong></span> <span class='ocrx_word' id='word_1_112' title='bbox 462 866 615 892; x_wconf 87' lang='lat' dir='ltr'><strong>comam</strong></span> <span class='ocrx_word' id='word_1_113' title='bbox 642 850 855 902; x_wconf 85' lang='lat' dir='ltr'><strong>praesertim</strong></span> <span class='ocrx_word' id='word_1_114' title='bbox 889 849 1012 885; x_wconf 88' lang='lat' dir='ltr'><strong>obiter</strong></span> <span class='ocrx_word' id='word_1_115' title='bbox 1034 849 1198 884; x_wconf 88' lang='lat' dir='ltr'><strong>intuenti</strong></span> <span class='ocrx_word' id='word_1_116' title='bbox 1218 849 1442 894; x_wconf 75' lang='lat' dir='ltr'><strong>vibrantem,</strong></span> <span class='ocrx_word' id='word_1_117' title='bbox 1472 858 1614 885; x_wconf 85' lang='lat' dir='ltr'><strong>mutata</strong></span> <span class='ocrx_word' id='word_1_118' title='bbox 1641 850 1716 892; x_wconf 79' lang='lat' dir='ltr'><strong>jam</strong></span> <span class='ocrx_word' id='word_1_119' title='bbox 1735 853 1881 888; x_wconf 75' lang='lat' dir='ltr'><strong>videtur</strong></span> 
     </span>
     <span class='ocr_line' id='line_1_13' title="bbox 283 901 1878 958; baseline -0.006 -8"><span class='ocrx_word' id='word_1_120' title='bbox 283 916 320 950; x_wconf 69' lang='grc' dir='ltr'>ἃ</span> <span class='ocrx_word' id='word_1_121' title='bbox 341 923 491 949; x_wconf 88' lang='lat' dir='ltr'><strong>comam</strong></span> <span class='ocrx_word' id='word_1_122' title='bbox 514 906 729 958; x_wconf 69' lang='lat' dir='ltr'><strong>deposuiss&#39;e,</strong></span> <span class='ocrx_word' id='word_1_123' title='bbox 756 917 844 941; x_wconf 90' lang='lat' dir='ltr'><strong>cum</strong></span> <span class='ocrx_word' id='word_1_124' title='bbox 861 903 956 940; x_wconf 84' lang='lat' dir='ltr'><strong>nihil</strong></span> <span class='ocrx_word' id='word_1_125' title='bbox 973 901 1155 948; x_wconf 84' lang='lat' dir='ltr'><strong>ejusmodi</strong></span> <span class='ocrx_word' id='word_1_126' title='bbox 1182 903 1256 948; x_wconf 85' lang='lat' dir='ltr'><strong>jam</strong></span> <span class='ocrx_word' id='word_1_127' title='bbox 1273 901 1394 939; x_wconf 82' lang='lat' dir='ltr'><strong>nostra</strong></span> <span class='ocrx_word' id='word_1_128' title='bbox 1423 913 1540 939; x_wconf 82' lang='lat' dir='ltr'><strong>aetate</strong></span> <span class='ocrx_word' id='word_1_129' title='bbox 1569 903 1878 952; x_wconf 81' lang='lat' dir='ltr'><strong>deprehendatur.</strong></span> 
     </span>
     <span class='ocr_line' id='line_1_14' title="bbox 282 956 1882 1012; baseline -0.004 -8"><span class='ocrx_word' id='word_1_130' title='bbox 282 968 396 1005; x_wconf 85' lang='lat' dir='ltr'><strong>Adde</strong></span> <span class='ocrx_word' id='word_1_131' title='bbox 411 965 522 1002; x_wconf 81' lang='lat' dir='ltr'><strong>etiam</strong></span> <span class='ocrx_word' id='word_1_132' title='bbox 538 963 640 1012; x_wconf 88' lang='lat' dir='ltr'><strong>quod</strong></span> <span class='ocrx_word' id='word_1_133' title='bbox 657 961 870 1011; x_wconf 83' lang='lat' dir='ltr'><strong>complures</strong></span> <span class='ocrx_word' id='word_1_134' title='bbox 884 959 1116 994; x_wconf 82' lang='lat' dir='ltr'><strong>mutationes</strong></span> <span class='ocrx_word' id='word_1_135' title='bbox 1132 957 1345 994; x_wconf 90' lang='lat' dir='ltr'><strong>coelestium</strong></span> <span class='ocrx_word' id='word_1_136' title='bbox 1373 956 1583 1006; x_wconf 85' lang='lat' dir='ltr'><strong>praesertim</strong></span> <span class='ocrx_word' id='word_1_137' title='bbox 1613 961 1652 994; x_wconf 89' lang='lat' dir='ltr'><strong>in</strong></span> <span class='ocrx_word' id='word_1_138' title='bbox 1678 959 1786 996; x_wconf 84' lang='lat' dir='ltr'><strong>stellis</strong></span> <span class='ocrx_word' id='word_1_139' title='bbox 1817 961 1882 998; x_wconf 87' lang='lat' dir='ltr'><strong>mi-</strong></span> 
     </span>
     <span class='ocr_line' id='line_1_15' title="bbox 280 1012 1883 1068; baseline -0.004 -9"><span class='ocrx_word' id='word_1_140' title='bbox 280 1022 438 1059; x_wconf 83' lang='lat' dir='ltr'><strong>noribus</strong></span> <span class='ocrx_word' id='word_1_141' title='bbox 471 1033 513 1057; x_wconf 83' lang='lat' dir='ltr'><strong>cx</strong></span> <span class='ocrx_word' id='word_1_142' title='bbox 543 1018 715 1067; x_wconf 62' lang='lat' dir='ltr'><strong>neglectu</strong></span> <span class='ocrx_word' id='word_1_143' title='bbox 744 1014 1050 1052; x_wconf 81' lang='lat' dir='ltr'><strong>observationum</strong></span> <span class='ocrx_word' id='word_1_144' title='bbox 1088 1012 1196 1049; x_wconf 87' lang='lat' dir='ltr'><strong>facilc</strong></span> <span class='ocrx_word' id='word_1_145' title='bbox 1229 1013 1561 1061; x_wconf 83' lang='lat' dir='ltr'><strong>praeterlabuntur,</strong></span> <span class='ocrx_word' id='word_1_146' title='bbox 1602 1015 1638 1050; x_wconf 66' lang='lat' dir='ltr'><strong>C&lt;</strong></span> <span class='ocrx_word' id='word_1_147' title='bbox 1668 1014 1776 1051; x_wconf 80' lang='lat' dir='ltr'><strong>nobis</strong></span> <span class='ocrx_word' id='word_1_148' title='bbox 1803 1029 1883 1068; x_wconf 82' lang='lat' dir='ltr'><strong>pet-</strong></span> 
     </span>
     <span class='ocr_line' id='line_1_16' title="bbox 283 1065 1883 1125; baseline -0.004 -11"><span class='ocrx_word' id='word_1_149' title='bbox 283 1087 385 1114; x_wconf 86' lang='lat' dir='ltr'><strong>eunt.</strong></span> <span class='ocrx_word' id='word_1_150' title='bbox 442 1076 496 1112; x_wconf 85' lang='lat' dir='ltr'><strong>At</strong></span> <span class='ocrx_word' id='word_1_151' title='bbox 513 1083 734 1125; x_wconf 88' lang='lat' dir='ltr'><strong>promptum</strong></span> <span class='ocrx_word' id='word_1_152' title='bbox 751 1068 818 1106; x_wconf 87' lang='lat' dir='ltr'><strong>erit</strong></span> <span class='ocrx_word' id='word_1_153' title='bbox 834 1068 951 1105; x_wconf 88' lang='lat' dir='ltr'><strong>sciolo</strong></span> <span class='ocrx_word' id='word_1_154' title='bbox 967 1065 1075 1104; x_wconf 86' lang='lat' dir='ltr'><strong>alicui</strong></span> <span class='ocrx_word' id='word_1_155' title='bbox 1103 1067 1165 1103; x_wconf 84' lang='lat' dir='ltr'><strong>ista</strong></span> <span class='ocrx_word' id='word_1_156' title='bbox 1188 1068 1232 1103; x_wconf 88' lang='lat' dir='ltr'><strong>ad</strong></span> <span class='ocrx_word' id='word_1_157' title='bbox 1249 1079 1403 1116; x_wconf 75' lang='lat' dir='ltr'><strong>vapores</strong></span> <span class='ocrx_word' id='word_1_158' title='bbox 1422 1069 1456 1103; x_wconf 60' lang='grc' dir='ltr'>ἃ</span> <span class='ocrx_word' id='word_1_159' title='bbox 1473 1066 1752 1116; x_wconf 74' lang='lat' dir='ltr'><strong>dispositionem</strong></span> <span class='ocrx_word' id='word_1_160' title='bbox 1768 1071 1883 1108; x_wconf 82' lang='lat' dir='ltr'><strong>medii</strong></span> 
     </span>
     <span class='ocr_line' id='line_1_17' title="bbox 281 1121 1882 1174; baseline -0.004 -4"><span class='ocrx_word' id='word_1_161' title='bbox 281 1132 423 1170; x_wconf 81' lang='lat' dir='ltr'><strong>referre</strong></span> <span class='ocrx_word' id='word_1_162' title='bbox 439 1144 449 1172; x_wconf 82' lang='lat'>3</span> <span class='ocrx_word' id='word_1_163' title='bbox 486 1129 546 1166; x_wconf 91' lang='lat' dir='ltr'><strong>sed</strong></span> <span class='ocrx_word' id='word_1_164' title='bbox 563 1128 803 1171; x_wconf 89' lang='lat' dir='ltr'><strong>mutationes,</strong></span> <span class='ocrx_word' id='word_1_165' title='bbox 819 1135 912 1174; x_wconf 88' lang='lat' dir='ltr'><strong>quae</strong></span> <span class='ocrx_word' id='word_1_166' title='bbox 928 1134 1062 1172; x_wconf 85' lang='lat' dir='ltr'><strong>corpus</strong></span> <span class='ocrx_word' id='word_1_167' title='bbox 1079 1121 1157 1158; x_wconf 85' lang='lat' dir='ltr'><strong>astri</strong></span> <span class='ocrx_word' id='word_1_168' title='bbox 1171 1123 1323 1167; x_wconf 81' lang='lat' dir='ltr'><strong>alicujus</strong></span> <span class='ocrx_word' id='word_1_169' title='bbox 1338 1122 1547 1158; x_wconf 86' lang='lat' dir='ltr'><strong>constanter</strong></span> <span class='ocrx_word' id='word_1_170' title='bbox 1578 1124 1614 1159; x_wconf 71' lang='lat' dir='ltr'><strong>&lt;St</strong></span> <span class='ocrx_word' id='word_1_171' title='bbox 1643 1124 1882 1172; x_wconf 79' lang='lat' dir='ltr'><strong>aequabiliter</strong></span> 
     </span>
     <span class='ocr_line' id='line_1_18' title="bbox 280 1177 1885 1232; baseline -0.007 -7"><span class='ocrx_word' id='word_1_172' title='bbox 280 1187 403 1225; x_wconf 82' lang='lat' dir='ltr'><strong>&amp;diu</strong></span> <span class='ocrx_word' id='word_1_173' title='bbox 419 1183 584 1223; x_wconf 71' lang='lat' dir='ltr'><strong>obsidere</strong></span> <span class='ocrx_word' id='word_1_174' title='bbox 599 1179 940 1232; x_wconf 83' lang='lat' dir='ltr'><strong>deprehenduntur,</strong></span> <span class='ocrx_word' id='word_1_175' title='bbox 966 1180 1002 1215; x_wconf 77' lang='grc' dir='ltr'><strong>ὃ(</strong></span> <span class='ocrx_word' id='word_1_176' title='bbox 1019 1189 1093 1214; x_wconf 88' lang='lat' dir='ltr'><strong>una</strong></span> <span class='ocrx_word' id='word_1_177' title='bbox 1117 1188 1205 1214; x_wconf 89' lang='lat' dir='ltr'><strong>cum</strong></span> <span class='ocrx_word' id='word_1_178' title='bbox 1235 1177 1328 1213; x_wconf 88' lang='lat' dir='ltr'><strong>astro</strong></span> <span class='ocrx_word' id='word_1_179' title='bbox 1352 1177 1622 1218; x_wconf 81' lang='lat' dir='ltr'><strong>circumvolvi3</strong></span> <span class='ocrx_word' id='word_1_180' title='bbox 1653 1177 1817 1217; x_wconf 83' lang='lat' dir='ltr'><strong>omuino</strong></span> <span class='ocrx_word' id='word_1_181' title='bbox 1843 1183 1885 1217; x_wconf 85' lang='lat' dir='ltr'><strong>in</strong></span> 
     </span>
     <span class='ocr_line' id='line_1_19' title="bbox 283 1231 1886 1292; baseline -0.003 -13"><span class='ocrx_word' id='word_1_182' title='bbox 283 1241 382 1279; x_wconf 70' lang='lat' dir='ltr'><strong>astro</strong></span> <span class='ocrx_word' id='word_1_183' title='bbox 398 1240 490 1292; x_wconf 86' lang='lat' dir='ltr'><strong>ipso,</strong></span> <span class='ocrx_word' id='word_1_184' title='bbox 513 1249 574 1277; x_wconf 89' lang='lat' dir='ltr'><strong>aut</strong></span> <span class='ocrx_word' id='word_1_185' title='bbox 590 1238 719 1275; x_wconf 90' lang='lat' dir='ltr'><strong>saltem</strong></span> <span class='ocrx_word' id='word_1_186' title='bbox 743 1237 783 1272; x_wconf 90' lang='lat' dir='ltr'><strong>in</strong></span> <span class='ocrx_word' id='word_1_187' title='bbox 798 1233 946 1271; x_wconf 82' lang='lat' dir='ltr'><strong>aethere</strong></span> <span class='ocrx_word' id='word_1_188' title='bbox 969 1231 1186 1284; x_wconf 90' lang='lat' dir='ltr'><strong>propinquo</strong></span> <span class='ocrx_word' id='word_1_189' title='bbox 1201 1232 1304 1269; x_wconf 87' lang='lat' dir='ltr'><strong>statui</strong></span> <span class='ocrx_word' id='word_1_190' title='bbox 1320 1232 1471 1278; x_wconf 87' lang='lat' dir='ltr'><strong>debent,</strong></span> <span class='ocrx_word' id='word_1_191' title='bbox 1502 1244 1584 1269; x_wconf 90' lang='lat' dir='ltr'><strong>non</strong></span> <span class='ocrx_word' id='word_1_192' title='bbox 1612 1234 1653 1279; x_wconf 81' lang='lat' dir='ltr'><strong>in</strong></span> <span class='ocrx_word' id='word_1_193' title='bbox 1671 1233 1886 1284; x_wconf 75' lang='lat' dir='ltr'><strong>regionibus</strong></span> 
     </span>
     <span class='ocr_line' id='line_1_20' title="bbox 283 1286 1886 1338; baseline -0.004 -5"><span class='ocrx_word' id='word_1_194' title='bbox 283 1298 382 1333; x_wconf 70' lang='lat' dir='ltr'><strong>aeris</strong></span> <span class='ocrx_word' id='word_1_195' title='bbox 410 1293 676 1333; x_wconf 88' lang='lat' dir='ltr'><strong>inferioribus;</strong></span> <span class='ocrx_word' id='word_1_196' title='bbox 718 1291 820 1336; x_wconf 82' lang='lat' dir='ltr'><strong>cujus</strong></span> <span class='ocrx_word' id='word_1_197' title='bbox 849 1290 903 1325; x_wconf 86' lang='lat' dir='ltr'><strong>rei</strong></span> <span class='ocrx_word' id='word_1_198' title='bbox 938 1288 1049 1325; x_wconf 89' lang='lat' dir='ltr'><strong>etiam</strong></span> <span class='ocrx_word' id='word_1_199' title='bbox 1082 1298 1350 1337; x_wconf 75' lang='lat' dir='ltr'><strong>argumentum</strong></span> <span class='ocrx_word' id='word_1_200' title='bbox 1380 1286 1536 1324; x_wconf 88' lang='lat' dir='ltr'><strong>sumitur</strong></span> <span class='ocrx_word' id='word_1_201' title='bbox 1573 1288 1682 1336; x_wconf 85' lang='lat' dir='ltr'><strong>plane</strong></span> <span class='ocrx_word' id='word_1_202' title='bbox 1711 1289 1886 1338; x_wconf 86' lang='lat' dir='ltr'><strong>validum,</strong></span> 
     </span>
     <span class='ocr_line' id='line_1_21' title="bbox 282 1341 1887 1401; baseline -0.008 -11"><span class='ocrx_word' id='word_1_203' title='bbox 282 1351 393 1401; x_wconf 79' lang='lat' dir='ltr'><strong>quod</strong></span> <span class='ocrx_word' id='word_1_204' title='bbox 415 1349 630 1396; x_wconf 85' lang='lat' dir='ltr'><strong>hujusmodi</strong></span> <span class='ocrx_word' id='word_1_205' title='bbox 652 1347 884 1384; x_wconf 86' lang='lat' dir='ltr'><strong>mutationes</strong></span> <span class='ocrx_word' id='word_1_206' title='bbox 900 1355 979 1380; x_wconf 89' lang='lat' dir='ltr'><strong>rara</strong></span> <span class='ocrx_word' id='word_1_207' title='bbox 1001 1343 1110 1389; x_wconf 88' lang='lat' dir='ltr'><strong>fiunt,</strong></span> <span class='ocrx_word' id='word_1_208' title='bbox 1131 1345 1168 1379; x_wconf 66' lang='grc' dir='ltr'><strong>ὃς</strong></span> <span class='ocrx_word' id='word_1_209' title='bbox 1191 1343 1314 1391; x_wconf 87' lang='lat' dir='ltr'><strong>longis</strong></span> <span class='ocrx_word' id='word_1_210' title='bbox 1335 1341 1533 1378; x_wconf 82' lang='lat' dir='ltr'><strong>intervallis</strong></span> <span class='ocrx_word' id='word_1_211' title='bbox 1548 1354 1762 1386; x_wconf 83' lang='lat' dir='ltr'><strong>annorum3</strong></span> <span class='ocrx_word' id='word_1_212' title='bbox 1792 1358 1887 1395; x_wconf 80' lang='lat' dir='ltr'><strong>quae</strong></span> 
     </span>
     <span class='ocr_line' id='line_1_22' title="bbox 284 1396 1885 1451; baseline -0.004 -7"><span class='ocrx_word' id='word_1_213' title='bbox 284 1417 415 1444; x_wconf 80' lang='lat' dir='ltr'><strong>autem</strong></span> <span class='ocrx_word' id='word_1_214' title='bbox 431 1407 471 1442; x_wconf 89' lang='lat' dir='ltr'><strong>in</strong></span> <span class='ocrx_word' id='word_1_215' title='bbox 486 1408 571 1442; x_wconf 76' lang='lat' dir='ltr'><strong>aete</strong></span> <span class='ocrx_word' id='word_1_216' title='bbox 585 1403 681 1440; x_wconf 88' lang='lat' dir='ltr'><strong>fiunt</strong></span> <span class='ocrx_word' id='word_1_217' title='bbox 695 1413 760 1451; x_wconf 90' lang='lat' dir='ltr'><strong>per</strong></span> <span class='ocrx_word' id='word_1_218' title='bbox 775 1396 1100 1450; x_wconf 79' lang='lat' dir='ltr'><strong>interpositionem</strong></span> <span class='ocrx_word' id='word_1_219' title='bbox 1115 1409 1310 1445; x_wconf 76' lang='lat' dir='ltr'><strong>vaporum,</strong></span> <span class='ocrx_word' id='word_1_220' title='bbox 1329 1397 1573 1444; x_wconf 86' lang='lat' dir='ltr'><strong>frequentius.</strong></span> <span class='ocrx_word' id='word_1_221' title='bbox 1631 1399 1747 1450; x_wconf 72' lang='lat' dir='ltr'><strong>Quod</strong></span> <span class='ocrx_word' id='word_1_222' title='bbox 1762 1398 1788 1436; x_wconf 80' lang='lat' dir='ltr'><strong>fi</strong></span> <span class='ocrx_word' id='word_1_223' title='bbox 1801 1402 1885 1450; x_wconf 86' lang='lat' dir='ltr'><strong>quis</strong></span> 
     </span>
     <span class='ocr_line' id='line_1_23' title="bbox 287 1450 1891 1508; baseline -0.004 -9"><span class='ocrx_word' id='word_1_224' title='bbox 287 1462 474 1508; x_wconf 78' lang='lat' dir='ltr'><strong>judicium</strong></span> <span class='ocrx_word' id='word_1_225' title='bbox 507 1458 613 1496; x_wconf 79' lang='lat' dir='ltr'><strong>faciat</strong></span> <span class='ocrx_word' id='word_1_226' title='bbox 643 1469 686 1494; x_wconf 83' lang='lat' dir='ltr'><strong>cx</strong></span> <span class='ocrx_word' id='word_1_227' title='bbox 714 1455 848 1492; x_wconf 84' lang='lat' dir='ltr'><strong>ordine</strong></span> <span class='ocrx_word' id='word_1_228' title='bbox 877 1453 988 1498; x_wconf 87' lang='lat' dir='ltr'><strong>coeli,</strong></span> <span class='ocrx_word' id='word_1_229' title='bbox 1017 1462 1127 1500; x_wconf 85' lang='lat' dir='ltr'><strong>atque</strong></span> <span class='ocrx_word' id='word_1_230' title='bbox 1150 1462 1277 1488; x_wconf 87' lang='lat' dir='ltr'><strong>motus</strong></span> <span class='ocrx_word' id='word_1_231' title='bbox 1296 1450 1401 1501; x_wconf 81' lang='lat' dir='ltr'><strong>ipsius</strong></span> <span class='ocrx_word' id='word_1_232' title='bbox 1429 1451 1702 1501; x_wconf 79' lang='lat' dir='ltr'><strong>aequabilitate,</strong></span> <span class='ocrx_word' id='word_1_233' title='bbox 1736 1457 1891 1500; x_wconf 84' lang='lat' dir='ltr'><strong>coelum</strong></span> 
     </span>
     <span class='ocr_line' id='line_1_24' title="bbox 285 1505 1886 1558; baseline -0.003 -5"><span class='ocrx_word' id='word_1_234' title='bbox 285 1513 524 1553; x_wconf 80' lang='lat' dir='ltr'><strong>immutabile</strong></span> <span class='ocrx_word' id='word_1_235' title='bbox 537 1513 618 1558; x_wconf 84' lang='lat' dir='ltr'><strong>effe,</strong></span> <span class='ocrx_word' id='word_1_236' title='bbox 647 1521 757 1558; x_wconf 86' lang='lat' dir='ltr'><strong>atque</strong></span> <span class='ocrx_word' id='word_1_237' title='bbox 780 1508 1047 1545; x_wconf 88' lang='lat' dir='ltr'><strong>certitudinem</strong></span> <span class='ocrx_word' id='word_1_238' title='bbox 1063 1508 1169 1543; x_wconf 89' lang='lat' dir='ltr'><strong>illam</strong></span> <span class='ocrx_word' id='word_1_239' title='bbox 1197 1505 1440 1558; x_wconf 78' lang='lat' dir='ltr'><strong>periodorum</strong></span> <span class='ocrx_word' id='word_1_240' title='bbox 1469 1509 1505 1544; x_wconf 87' lang='lat'>&amp;</span> <span class='ocrx_word' id='word_1_241' title='bbox 1526 1507 1803 1547; x_wconf 88' lang='lat' dir='ltr'><strong>restitutionum</strong></span> <span class='ocrx_word' id='word_1_242' title='bbox 1831 1510 1886 1548; x_wconf 88' lang='lat' dir='ltr'><strong>su-</strong></span> 
     </span>
     <span class='ocr_line' id='line_1_25' title="bbox 288 1560 1889 1616; baseline -0.004 -8"><span class='ocrx_word' id='word_1_243' title='bbox 288 1580 369 1608; x_wconf 84' lang='lat' dir='ltr'><strong>mat</strong></span> <span class='ocrx_word' id='word_1_244' title='bbox 399 1571 439 1606; x_wconf 91' lang='lat' dir='ltr'><strong>in</strong></span> <span class='ocrx_word' id='word_1_245' title='bbox 468 1565 692 1605; x_wconf 81' lang='lat' dir='ltr'><strong>aeternitatis</strong></span> <span class='ocrx_word' id='word_1_246' title='bbox 721 1563 888 1602; x_wconf 75' lang='lat' dir='ltr'><strong>tesseram</strong></span> <span class='ocrx_word' id='word_1_247' title='bbox 919 1574 1000 1599; x_wconf 92' lang='lat' dir='ltr'><strong>non</strong></span> <span class='ocrx_word' id='word_1_248' title='bbox 1025 1560 1189 1608; x_wconf 86' lang='lat' dir='ltr'><strong>dubiam,</strong></span> <span class='ocrx_word' id='word_1_249' title='bbox 1212 1574 1300 1599; x_wconf 91' lang='lat' dir='ltr'><strong>cum</strong></span> <span class='ocrx_word' id='word_1_250' title='bbox 1329 1561 1542 1599; x_wconf 81' lang='lat' dir='ltr'><strong>substantiae</strong></span> <span class='ocrx_word' id='word_1_251' title='bbox 1569 1562 1801 1616; x_wconf 88' lang='lat' dir='ltr'><strong>corruptibili</strong></span> <span class='ocrx_word' id='word_1_252' title='bbox 1831 1564 1889 1604; x_wconf 85' lang='lat' dir='ltr'><strong>vix</strong></span> 
     </span>
     <span class='ocr_line' id='line_1_26' title="bbox 286 1615 1888 1676; baseline -0.002 -14"><span class='ocrx_word' id='word_1_253' title='bbox 286 1633 506 1676; x_wconf 88' lang='lat' dir='ltr'><strong>competere</strong></span> <span class='ocrx_word' id='word_1_254' title='bbox 525 1622 690 1661; x_wconf 86' lang='lat' dir='ltr'><strong>videatur</strong></span> <span class='ocrx_word' id='word_1_255' title='bbox 705 1629 832 1656; x_wconf 87' lang='lat' dir='ltr'><strong>motus</strong></span> <span class='ocrx_word' id='word_1_256' title='bbox 848 1617 1077 1657; x_wconf 71' lang='lat' dir='ltr'><strong>constantias</strong></span> <span class='ocrx_word' id='word_1_257' title='bbox 1114 1615 1140 1653; x_wconf 84' lang='lat' dir='ltr'><strong>is</strong></span> <span class='ocrx_word' id='word_1_258' title='bbox 1160 1618 1273 1667; x_wconf 88' lang='lat' dir='ltr'><strong>paulo</strong></span> <span class='ocrx_word' id='word_1_259' title='bbox 1297 1618 1474 1654; x_wconf 86' lang='lat' dir='ltr'><strong>attentius</strong></span> <span class='ocrx_word' id='word_1_260' title='bbox 1502 1617 1679 1667; x_wconf 87' lang='lat' dir='ltr'><strong>dispicere</strong></span> <span class='ocrx_word' id='word_1_261' title='bbox 1698 1619 1888 1669; x_wconf 83' lang='lat' dir='ltr'><strong>debuerat,</strong></span> 
     </span>
     <span class='ocr_line' id='line_1_27' title="bbox 284 1672 1888 1725; baseline -0.002 -9"><span class='ocrx_word' id='word_1_262' title='bbox 284 1679 390 1716; x_wconf 84' lang='lat' dir='ltr'><strong>:istam</strong></span> <span class='ocrx_word' id='word_1_263' title='bbox 405 1678 635 1716; x_wconf 89' lang='lat' dir='ltr'><strong>reditionem</strong></span> <span class='ocrx_word' id='word_1_264' title='bbox 650 1687 775 1714; x_wconf 89' lang='lat' dir='ltr'><strong>rerum</strong></span> <span class='ocrx_word' id='word_1_265' title='bbox 789 1685 854 1723; x_wconf 89' lang='lat' dir='ltr'><strong>per</strong></span> <span class='ocrx_word' id='word_1_266' title='bbox 868 1672 975 1719; x_wconf 84' lang='lat' dir='ltr'><strong>vices,</strong></span> <span class='ocrx_word' id='word_1_267' title='bbox 1000 1675 1036 1709; x_wconf 78' lang='grc' dir='ltr'><strong>ὅ(</strong></span> <span class='ocrx_word' id='word_1_268' title='bbox 1055 1681 1236 1722; x_wconf 88' lang='lat' dir='ltr'><strong>tanquam</strong></span> <span class='ocrx_word' id='word_1_269' title='bbox 1259 1674 1300 1709; x_wconf 92' lang='lat' dir='ltr'><strong>in</strong></span> <span class='ocrx_word' id='word_1_270' title='bbox 1316 1673 1449 1710; x_wconf 89' lang='lat' dir='ltr'><strong>orbem</strong></span> <span class='ocrx_word' id='word_1_271' title='bbox 1477 1684 1542 1723; x_wconf 89' lang='lat' dir='ltr'><strong>per</strong></span> <span class='ocrx_word' id='word_1_272' title='bbox 1571 1682 1744 1725; x_wconf 86' lang='lat' dir='ltr'><strong>tempora</strong></span> <span class='ocrx_word' id='word_1_273' title='bbox 1777 1686 1888 1723; x_wconf 80' lang='lat' dir='ltr'><strong>certa,</strong></span> 
     </span>
     <span class='ocr_line' id='line_1_28' title="bbox 287 1725 1888 1783; baseline -0.003 -11"><span class='ocrx_word' id='word_1_274' title='bbox 287 1734 403 1772; x_wconf 84' lang='lat' dir='ltr'><strong>etiam</strong></span> <span class='ocrx_word' id='word_1_275' title='bbox 432 1734 493 1770; x_wconf 90' lang='lat' dir='ltr'><strong>hic</strong></span> <span class='ocrx_word' id='word_1_276' title='bbox 515 1732 610 1770; x_wconf 87' lang='lat' dir='ltr'><strong>infra</strong></span> <span class='ocrx_word' id='word_1_277' title='bbox 629 1731 725 1783; x_wconf 88' lang='lat' dir='ltr'><strong>apud</strong></span> <span class='ocrx_word' id='word_1_278' title='bbox 755 1741 826 1766; x_wconf 87' lang='lat' dir='ltr'><strong>nos</strong></span> <span class='ocrx_word' id='word_1_279' title='bbox 846 1725 996 1780; x_wconf 88' lang='lat' dir='ltr'><strong>reperiri</strong></span> <span class='ocrx_word' id='word_1_280' title='bbox 1023 1729 1065 1764; x_wconf 91' lang='lat' dir='ltr'><strong>in</strong></span> <span class='ocrx_word' id='word_1_281' title='bbox 1080 1727 1299 1768; x_wconf 80' lang='lat' dir='ltr'><strong>nonnullis3</strong></span> <span class='ocrx_word' id='word_1_282' title='bbox 1347 1727 1507 1765; x_wconf 76' lang='lat' dir='ltr'><strong>maxime</strong></span> <span class='ocrx_word' id='word_1_283' title='bbox 1530 1729 1571 1764; x_wconf 88' lang='lat' dir='ltr'><strong>in</strong></span> <span class='ocrx_word' id='word_1_284' title='bbox 1600 1729 1696 1765; x_wconf 85' lang='lat' dir='ltr'><strong>aestu</strong></span> <span class='ocrx_word' id='word_1_285' title='bbox 1729 1733 1888 1771; x_wconf 80' lang='lat' dir='ltr'><strong>oceani3</strong></span> 
     </span>
     <span class='ocr_line' id='line_1_29' title="bbox 288 1781 1889 1835; baseline -0.002 -8"><span class='ocrx_word' id='word_1_286' title='bbox 288 1789 524 1827; x_wconf 85' lang='lat' dir='ltr'><strong>differentiae</strong></span> <span class='ocrx_word' id='word_1_287' title='bbox 547 1797 677 1825; x_wconf 82' lang='lat' dir='ltr'><strong>autem·</strong></span> <span class='ocrx_word' id='word_1_288' title='bbox 690 1787 871 1830; x_wconf 53' lang='lat' dir='ltr'><strong>minoi-ea</strong></span> <span class='ocrx_word' id='word_1_289' title='bbox 901 1794 993 1833; x_wconf 84' lang='lat' dir='ltr'><strong>quae</strong></span> <span class='ocrx_word' id='word_1_290' title='bbox 1017 1783 1058 1819; x_wconf 90' lang='lat' dir='ltr'><strong>in</strong></span> <span class='ocrx_word' id='word_1_291' title='bbox 1081 1781 1296 1820; x_wconf 81' lang='lat' dir='ltr'><strong>coelestibus</strong></span> <span class='ocrx_word' id='word_1_292' title='bbox 1316 1783 1383 1819; x_wconf 77' lang='lat' dir='ltr'><strong>ess&#39;e</strong></span> <span class='ocrx_word' id='word_1_293' title='bbox 1410 1783 1571 1832; x_wconf 71' lang='lat' dir='ltr'><strong>poss&#39;unt,</strong></span> <span class='ocrx_word' id='word_1_294' title='bbox 1602 1786 1637 1819; x_wconf 73' lang='grc' dir='ltr'><strong>ὅ(</strong></span> <span class='ocrx_word' id='word_1_295' title='bbox 1665 1783 1827 1835; x_wconf 85' lang='lat' dir='ltr'><strong>periodis</strong></span> <span class='ocrx_word' id='word_1_296' title='bbox 1852 1788 1889 1823; x_wconf 76' lang='grc' dir='ltr'><strong>ὅ(</strong></span> 
     </span>
     <span class='ocr_line' id='line_1_30' title="bbox 289 1836 1885 1891; baseline -0.003 -9"><span class='ocrx_word' id='word_1_297' title='bbox 289 1844 582 1882; x_wconf 82' lang='lat' dir='ltr'><strong>restitutionibus</strong></span> <span class='ocrx_word' id='word_1_298' title='bbox 611 1840 680 1879; x_wconf 85' lang='lat' dir='ltr'><strong>suis</strong></span> <span class='ocrx_word' id='word_1_299' title='bbox 712 1840 898 1891; x_wconf 64' lang='lat' dir='ltr'><strong>aspedium</strong></span> <span class='ocrx_word' id='word_1_300' title='bbox 925 1837 1092 1874; x_wconf 86' lang='lat' dir='ltr'><strong>nostrum</strong></span> <span class='ocrx_word' id='word_1_301' title='bbox 1129 1839 1165 1874; x_wconf 75' lang='grc' dir='ltr'><strong>ὅ(</strong></span> <span class='ocrx_word' id='word_1_302' title='bbox 1205 1839 1507 1886; x_wconf 88' lang='lat' dir='ltr'><strong>computationes</strong></span> <span class='ocrx_word' id='word_1_303' title='bbox 1549 1836 1686 1875; x_wconf 87' lang='lat' dir='ltr'><strong>nostras</strong></span> <span class='ocrx_word' id='word_1_304' title='bbox 1721 1838 1885 1889; x_wconf 85' lang='lat' dir='ltr'><strong>fugiunt.</strong></span> 
     </span>
     <span class='ocr_line' id='line_1_31' title="bbox 290 1891 1890 1950; baseline -0.003 -13"><span class='ocrx_word' id='word_1_305' title='bbox 290 1901 433 1950; x_wconf 86' lang='lat' dir='ltr'><strong>Neque</strong></span> <span class='ocrx_word' id='word_1_306' title='bbox 460 1901 577 1948; x_wconf 87' lang='lat' dir='ltr'><strong>magis</strong></span> <span class='ocrx_word' id='word_1_307' title='bbox 602 1907 728 1934; x_wconf 82' lang='lat' dir='ltr'><strong>motus</strong></span> <span class='ocrx_word' id='word_1_308' title='bbox 756 1895 821 1931; x_wconf 87' lang='lat' dir='ltr'><strong>ille</strong></span> <span class='ocrx_word' id='word_1_309' title='bbox 848 1891 1033 1930; x_wconf 87' lang='lat' dir='ltr'><strong>circularis</strong></span> <span class='ocrx_word' id='word_1_310' title='bbox 1061 1893 1159 1929; x_wconf 90' lang='lat' dir='ltr'><strong>coeli</strong></span> <span class='ocrx_word' id='word_1_311' title='bbox 1188 1891 1228 1929; x_wconf 84' lang='lat' dir='ltr'><strong>in</strong></span> <span class='ocrx_word' id='word_1_312' title='bbox 1255 1903 1522 1942; x_wconf 80' lang='lat' dir='ltr'><strong>argumentum</strong></span> <span class='ocrx_word' id='word_1_313' title='bbox 1544 1892 1770 1931; x_wconf 85' lang='lat' dir='ltr'><strong>aeternitatis</strong></span> <span class='ocrx_word' id='word_1_314' title='bbox 1794 1894 1890 1932; x_wconf 88' lang='lat' dir='ltr'><strong>sumi</strong></span> 
     </span>
     <span class='ocr_line' id='line_1_32' title="bbox 290 1946 1887 2005; baseline -0.003 -14"><span class='ocrx_word' id='word_1_315' title='bbox 290 1952 435 2005; x_wconf 77' lang='lat' dir='ltr'><strong>potest3</strong></span> <span class='ocrx_word' id='word_1_316' title='bbox 463 1955 567 2002; x_wconf 88' lang='lat' dir='ltr'><strong>quod</strong></span> <span class='ocrx_word' id='word_1_317' title='bbox 582 1951 718 1989; x_wconf 88' lang='lat' dir='ltr'><strong>seilicet</strong></span> <span class='ocrx_word' id='word_1_318' title='bbox 734 1948 883 1986; x_wconf 85' lang='lat' dir='ltr'><strong>lationis</strong></span> <span class='ocrx_word' id='word_1_319' title='bbox 903 1949 1185 1984; x_wconf 86' lang='lat' dir='ltr'><strong>circularisnon</strong></span> <span class='ocrx_word' id='word_1_320' title='bbox 1200 1946 1241 1984; x_wconf 84' lang='lat' dir='ltr'><strong>fit</strong></span> <span class='ocrx_word' id='word_1_321' title='bbox 1267 1947 1449 1985; x_wconf 87' lang='lat' dir='ltr'><strong>terminus</strong></span> <span class='ocrx_word' id='word_1_322' title='bbox 1461 1966 1476 1991; x_wconf 67' lang='grc' dir='ltr'><strong>,ς</strong></span> <span class='ocrx_word' id='word_1_323' title='bbox 1505 1958 1634 1985; x_wconf 88' lang='lat' dir='ltr'><strong>motus</strong></span> <span class='ocrx_word' id='word_1_324' title='bbox 1662 1959 1788 1986; x_wconf 85' lang='lat' dir='ltr'><strong>autem</strong></span> <span class='ocrx_word' id='word_1_325' title='bbox 1818 1951 1887 1987; x_wconf 58' lang='lat' dir='ltr'><strong>imss</strong></span> 
     </span>
     <span class='ocr_line' id='line_1_33' title="bbox 295 2001 1888 2046; baseline -0.002 -1"><span class='ocrx_word' id='word_1_326' title='bbox 295 2010 463 2046; x_wconf 86' lang='lat' dir='ltr'><strong>mortalis</strong></span> <span class='ocrx_word' id='word_1_327' title='bbox 500 2008 715 2045; x_wconf 87' lang='lat' dir='ltr'><strong>substantiae</strong></span> <span class='ocrx_word' id='word_1_328' title='bbox 751 2001 957 2041; x_wconf 89' lang='lat' dir='ltr'><strong>immortali</strong></span> <span class='ocrx_word' id='word_1_329' title='bbox 980 2001 1168 2039; x_wconf 86' lang='lat' dir='ltr'><strong>convenit.</strong></span> <span class='ocrx_word' id='word_1_330' title='bbox 1224 2005 1328 2041; x_wconf 87' lang='lat' dir='ltr'><strong>Nam</strong></span> <span class='ocrx_word' id='word_1_331' title='bbox 1357 2003 1468 2040; x_wconf 88' lang='lat' dir='ltr'><strong>etiam</strong></span> <span class='ocrx_word' id='word_1_332' title='bbox 1497 2013 1666 2041; x_wconf 88' lang='lat' dir='ltr'><strong>cometae</strong></span> <span class='ocrx_word' id='word_1_333' title='bbox 1695 2003 1888 2042; x_wconf 84' lang='lat' dir='ltr'><strong>inferiores</strong></span> 
     </span>
     <span class='ocr_line' id='line_1_34' title="bbox 293 2057 1890 2109; baseline -0.002 -8"><span class='ocrx_word' id='word_1_334' title='bbox 293 2064 418 2101; x_wconf 85' lang='lat' dir='ltr'><strong>subter</strong></span> <span class='ocrx_word' id='word_1_335' title='bbox 439 2065 568 2100; x_wconf 89' lang='lat' dir='ltr'><strong>lunam</strong></span> <span class='ocrx_word' id='word_1_336' title='bbox 591 2062 718 2107; x_wconf 85' lang='lat' dir='ltr'><strong>locati,</strong></span> <span class='ocrx_word' id='word_1_337' title='bbox 758 2068 895 2105; x_wconf 85' lang='lat' dir='ltr'><strong>rotant,</strong></span> <span class='ocrx_word' id='word_1_338' title='bbox 925 2057 1038 2106; x_wconf 88' lang='lat' dir='ltr'><strong>idque</strong></span> <span class='ocrx_word' id='word_1_339' title='bbox 1061 2071 1104 2095; x_wconf 86' lang='lat' dir='ltr'><strong>ex</strong></span> <span class='ocrx_word' id='word_1_340' title='bbox 1133 2059 1168 2094; x_wconf 92' lang='lat' dir='ltr'><strong>vi</strong></span> <span class='ocrx_word' id='word_1_341' title='bbox 1193 2060 1363 2108; x_wconf 77' lang='lat' dir='ltr'><strong>propria3</strong></span> <span class='ocrx_word' id='word_1_342' title='bbox 1406 2057 1474 2095; x_wconf 79' lang='lat' dir='ltr'><strong>nisi</strong></span> <span class='ocrx_word' id='word_1_343' title='bbox 1503 2057 1582 2107; x_wconf 89' lang='lat' dir='ltr'><strong>quis</strong></span> <span class='ocrx_word' id='word_1_344' title='bbox 1608 2059 1706 2096; x_wconf 90' lang='lat' dir='ltr'><strong>forte</strong></span> <span class='ocrx_word' id='word_1_345' title='bbox 1737 2060 1890 2109; x_wconf 87' lang='lat' dir='ltr'><strong>credere</strong></span> 
     </span>
     <span class='ocr_line' id='line_1_35' title="bbox 293 2112 1886 2165; baseline -0.003 -9"><span class='ocrx_word' id='word_1_346' title='bbox 293 2117 400 2156; x_wconf 86' lang='lat' dir='ltr'><strong>malit</strong></span> <span class='ocrx_word' id='word_1_347' title='bbox 414 2127 679 2155; x_wconf 89' lang='lat' dir='ltr'><strong>commentum</strong></span> <span class='ocrx_word' id='word_1_348' title='bbox 698 2115 792 2152; x_wconf 91' lang='lat' dir='ltr'><strong>illud</strong></span> <span class='ocrx_word' id='word_1_349' title='bbox 806 2115 852 2152; x_wconf 92' lang='lat' dir='ltr'><strong>de</strong></span> <span class='ocrx_word' id='word_1_350' title='bbox 869 2113 1086 2162; x_wconf 80' lang='lat' dir='ltr'><strong>alligatione</strong></span> <span class='ocrx_word' id='word_1_351' title='bbox 1101 2112 1147 2150; x_wconf 87' lang='lat' dir='ltr'><strong>ad</strong></span> <span class='ocrx_word' id='word_1_352' title='bbox 1161 2113 1307 2151; x_wconf 87' lang='lat' dir='ltr'><strong>astrum.</strong></span> <span class='ocrx_word' id='word_1_353' title='bbox 1364 2115 1572 2151; x_wconf 86' lang='lat' dir='ltr'><strong>Enimvero</strong></span> <span class='ocrx_word' id='word_1_354' title='bbox 1586 2112 1612 2150; x_wconf 82' lang='lat' dir='ltr'><strong>fi</strong></span> <span class='ocrx_word' id='word_1_355' title='bbox 1628 2115 1767 2163; x_wconf 85' lang='lat' dir='ltr'><strong>placeat</strong></span> <span class='ocrx_word' id='word_1_356' title='bbox 1783 2127 1886 2165; x_wconf 87' lang='lat' dir='ltr'><strong>argu-</strong></span> 
     </span>
     <span class='ocr_line' id='line_1_36' title="bbox 296 2166 1890 2216; baseline -0.003 -5"><span class='ocrx_word' id='word_1_357' title='bbox 296 2175 458 2210; x_wconf 88' lang='lat' dir='ltr'><strong>mentari</strong></span> <span class='ocrx_word' id='word_1_358' title='bbox 487 2174 534 2210; x_wconf 87' lang='lat' dir='ltr'><strong>de</strong></span> <span class='ocrx_word' id='word_1_359' title='bbox 561 2172 781 2210; x_wconf 86' lang='lat' dir='ltr'><strong>aeternitate</strong></span> <span class='ocrx_word' id='word_1_360' title='bbox 809 2166 1025 2206; x_wconf 90' lang='lat' dir='ltr'><strong>coelestium</strong></span> <span class='ocrx_word' id='word_1_361' title='bbox 1054 2180 1096 2205; x_wconf 84' lang='lat' dir='ltr'><strong>ex</strong></span> <span class='ocrx_word' id='word_1_362' title='bbox 1127 2178 1239 2205; x_wconf 89' lang='lat' dir='ltr'><strong>motu</strong></span> <span class='ocrx_word' id='word_1_363' title='bbox 1271 2169 1449 2216; x_wconf 88' lang='lat' dir='ltr'><strong>circulari,</strong></span> <span class='ocrx_word' id='word_1_364' title='bbox 1475 2167 1511 2206; x_wconf 90' lang='lat' dir='ltr'><strong>id</strong></span> <span class='ocrx_word' id='word_1_365' title='bbox 1539 2168 1584 2206; x_wconf 85' lang='lat' dir='ltr'><strong>ad</strong></span> <span class='ocrx_word' id='word_1_366' title='bbox 1614 2168 1890 2207; x_wconf 83' lang='lat' dir='ltr'><strong>universitatem</strong></span> 
     </span>
     <span class='ocr_line' id='line_1_37' title="bbox 294 2221 1889 2274; baseline -0.002 -8"><span class='ocrx_word' id='word_1_367' title='bbox 294 2229 393 2265; x_wconf 90' lang='lat' dir='ltr'><strong>coeli</strong></span> <span class='ocrx_word' id='word_1_368' title='bbox 414 2226 506 2265; x_wconf 87' lang='lat' dir='ltr'><strong>trahi</strong></span> <span class='ocrx_word' id='word_1_369' title='bbox 522 2226 661 2273; x_wconf 87' lang='lat' dir='ltr'><strong>debuit,</strong></span> <span class='ocrx_word' id='word_1_370' title='bbox 682 2238 763 2263; x_wconf 90' lang='lat' dir='ltr'><strong>non</strong></span> <span class='ocrx_word' id='word_1_371' title='bbox 777 2225 824 2262; x_wconf 87' lang='lat' dir='ltr'><strong>ad</strong></span> <span class='ocrx_word' id='word_1_372' title='bbox 844 2233 964 2274; x_wconf 87' lang='lat' dir='ltr'><strong>partes</strong></span> <span class='ocrx_word' id='word_1_373' title='bbox 987 2224 1107 2264; x_wconf 75' lang='lat' dir='ltr'><strong>coeli3</strong></span> <span class='ocrx_word' id='word_1_374' title='bbox 1150 2226 1292 2260; x_wconf 87' lang='lat' dir='ltr'><strong>etenim</strong></span> <span class='ocrx_word' id='word_1_375' title='bbox 1313 2226 1383 2272; x_wconf 78' lang='lat' dir='ltr'><strong>ae&#39;r,</strong></span> <span class='ocrx_word' id='word_1_376' title='bbox 1413 2237 1526 2271; x_wconf 87' lang='lat' dir='ltr'><strong>mare,</strong></span> <span class='ocrx_word' id='word_1_377' title='bbox 1551 2234 1659 2271; x_wconf 84' lang='lat' dir='ltr'><strong>terra,</strong></span> <span class='ocrx_word' id='word_1_378' title='bbox 1681 2221 1806 2261; x_wconf 82' lang='lat' dir='ltr'><strong>massis</strong></span> <span class='ocrx_word' id='word_1_379' title='bbox 1832 2238 1889 2263; x_wconf 90' lang='lat' dir='ltr'><strong>ae-</strong></span> 
     </span>
     <span class='ocr_line' id='line_1_38' title="bbox 297 2279 1890 2333; baseline -0.002 -13"><span class='ocrx_word' id='word_1_380' title='bbox 297 2293 415 2330; x_wconf 84' lang='lat' dir='ltr'><strong>terna,</strong></span> <span class='ocrx_word' id='word_1_381' title='bbox 438 2282 600 2333; x_wconf 81' lang='lat' dir='ltr'><strong>partibus</strong></span> <span class='ocrx_word' id='word_1_382' title='bbox 638 2281 784 2319; x_wconf 85' lang='lat' dir='ltr'><strong>caduca.</strong></span> <span class='ocrx_word' id='word_1_383' title='bbox 839 2280 944 2332; x_wconf 79' lang='lat' dir='ltr'><strong>Qin</strong></span> <span class='ocrx_word' id='word_1_384' title='bbox 967 2279 1092 2327; x_wconf 86' lang='lat' dir='ltr'><strong>potius</strong></span> <span class='ocrx_word' id='word_1_385' title='bbox 1121 2289 1264 2326; x_wconf 86' lang='lat' dir='ltr'><strong>contra,</strong></span> <span class='ocrx_word' id='word_1_386' title='bbox 1298 2291 1378 2317; x_wconf 91' lang='lat' dir='ltr'><strong>non</strong></span> <span class='ocrx_word' id='word_1_387' title='bbox 1408 2281 1458 2316; x_wconf 84' lang='lat' dir='ltr'><strong>ita</strong></span> <span class='ocrx_word' id='word_1_388' title='bbox 1487 2280 1581 2315; x_wconf 89' lang='lat' dir='ltr'><strong>benc</strong></span> <span class='ocrx_word' id='word_1_389' title='bbox 1611 2280 1775 2318; x_wconf 86' lang='lat' dir='ltr'><strong>ominari</strong></span> <span class='ocrx_word' id='word_1_390' title='bbox 1802 2281 1890 2317; x_wconf 86' lang='lat' dir='ltr'><strong>licet</strong></span> 
     </span>
     <span class='ocr_line' id='line_1_39' title="bbox 296 2332 1891 2383; baseline -0.002 -8"><span class='ocrx_word' id='word_1_391' title='bbox 296 2339 344 2375; x_wconf 87' lang='lat' dir='ltr'><strong>de</strong></span> <span class='ocrx_word' id='word_1_392' title='bbox 369 2337 584 2375; x_wconf 84' lang='lat' dir='ltr'><strong>aeternitate</strong></span> <span class='ocrx_word' id='word_1_393' title='bbox 606 2335 701 2374; x_wconf 85' lang='lat' dir='ltr'><strong>coeli</strong></span> <span class='ocrx_word' id='word_1_394' title='bbox 725 2348 767 2373; x_wconf 89' lang='lat' dir='ltr'><strong>ex</strong></span> <span class='ocrx_word' id='word_1_395' title='bbox 791 2345 903 2372; x_wconf 88' lang='lat' dir='ltr'><strong>motu</strong></span> <span class='ocrx_word' id='word_1_396' title='bbox 931 2334 1001 2370; x_wconf 82' lang='lat' dir='ltr'><strong>illo</strong></span> <span class='ocrx_word' id='word_1_397' title='bbox 1021 2332 1244 2375; x_wconf 75' lang='lat' dir='ltr'><strong>rotationi53</strong></span> <span class='ocrx_word' id='word_1_398' title='bbox 1284 2336 1370 2383; x_wconf 90' lang='lat' dir='ltr'><strong>quia</strong></span> <span class='ocrx_word' id='word_1_399' title='bbox 1395 2335 1459 2371; x_wconf 89' lang='lat' dir='ltr'><strong>ille</strong></span> <span class='ocrx_word' id='word_1_400' title='bbox 1481 2333 1555 2383; x_wconf 89' lang='lat' dir='ltr'><strong>ipse</strong></span> <span class='ocrx_word' id='word_1_401' title='bbox 1582 2344 1709 2371; x_wconf 87' lang='lat' dir='ltr'><strong>motus</strong></span> <span class='ocrx_word' id='word_1_402' title='bbox 1741 2347 1822 2371; x_wconf 90' lang='lat' dir='ltr'><strong>non</strong></span> <span class='ocrx_word' id='word_1_403' title='bbox 1843 2336 1891 2372; x_wconf 86' lang='lat' dir='ltr'><strong>cst</strong></span> 
     </span>
     <span class='ocr_line' id='line_1_40' title="bbox 296 2388 1886 2442; baseline -0.001 -14"><span class='ocrx_word' id='word_1_404' title='bbox 296 2393 476 2442; x_wconf 68' lang='lat' dir='ltr'><strong>pei-festus</strong></span> <span class='ocrx_word' id='word_1_405' title='bbox 491 2392 530 2430; x_wconf 93' lang='lat' dir='ltr'><strong>in</strong></span> <span class='ocrx_word' id='word_1_406' title='bbox 546 2393 667 2438; x_wconf 89' lang='lat' dir='ltr'><strong>coelo,</strong></span> <span class='ocrx_word' id='word_1_407' title='bbox 698 2403 766 2428; x_wconf 88' lang='lat' dir='ltr'><strong>nec</strong></span> <span class='ocrx_word' id='word_1_408' title='bbox 782 2390 936 2427; x_wconf 86' lang='lat' dir='ltr'><strong>restituit</strong></span> <span class='ocrx_word' id='word_1_409' title='bbox 953 2388 987 2425; x_wconf 91' lang='lat' dir='ltr'><strong>se</strong></span> <span class='ocrx_word' id='word_1_410' title='bbox 1011 2389 1133 2426; x_wconf 64' lang='lat' dir='ltr'><strong>exacte</strong></span> <span class='ocrx_word' id='word_1_411' title='bbox 1148 2390 1188 2425; x_wconf 92' lang='lat' dir='ltr'><strong>in</strong></span> <span class='ocrx_word' id='word_1_412' title='bbox 1204 2388 1345 2427; x_wconf 89' lang='lat' dir='ltr'><strong>circulo</strong></span> <span class='ocrx_word' id='word_1_413' title='bbox 1361 2391 1510 2438; x_wconf 86' lang='lat' dir='ltr'><strong>integro</strong></span> <span class='ocrx_word' id='word_1_414' title='bbox 1527 2390 1562 2424; x_wconf 82' lang='lat'>&amp;</span> <span class='ocrx_word' id='word_1_415' title='bbox 1590 2402 1699 2441; x_wconf 84' lang='lat' dir='ltr'><strong>puro,</strong></span> <span class='ocrx_word' id='word_1_416' title='bbox 1723 2388 1784 2429; x_wconf 90' lang='lat' dir='ltr'><strong>sed</strong></span> <span class='ocrx_word' id='word_1_417' title='bbox 1799 2392 1886 2427; x_wconf 82' lang='lat' dir='ltr'><strong>cum</strong></span> 
     </span>
     <span class='ocr_line' id='line_1_41' title="bbox 300 2442 1891 2494; baseline 0 -12"><span class='ocrx_word' id='word_1_418' title='bbox 300 2447 622 2494; x_wconf 84' lang='lat' dir='ltr'><strong>declinationibus,</strong></span> <span class='ocrx_word' id='word_1_419' title='bbox 644 2444 911 2483; x_wconf 83' lang='lat' dir='ltr'><strong>sinuationibus</strong></span> <span class='ocrx_word' id='word_1_420' title='bbox 935 2445 970 2480; x_wconf 87' lang='lat'>&amp;</span> <span class='ocrx_word' id='word_1_421' title='bbox 991 2442 1104 2493; x_wconf 81' lang='lat' dir='ltr'><strong>spiris.</strong></span> <span class='ocrx_word' id='word_1_422' title='bbox 1160 2445 1281 2480; x_wconf 85' lang='lat' dir='ltr'><strong>Porro</strong></span> <span class='ocrx_word' id='word_1_423' title='bbox 1313 2442 1339 2480; x_wconf 84' lang='lat' dir='ltr'><strong>fi</strong></span> <span class='ocrx_word' id='word_1_424' title='bbox 1365 2446 1446 2492; x_wconf 90' lang='lat' dir='ltr'><strong>quis</strong></span> <span class='ocrx_word' id='word_1_425' title='bbox 1469 2444 1574 2491; x_wconf 90' lang='lat' dir='ltr'><strong>illud,</strong></span> <span class='ocrx_word' id='word_1_426' title='bbox 1601 2444 1705 2492; x_wconf 84' lang='lat' dir='ltr'><strong>quod</strong></span> <span class='ocrx_word' id='word_1_427' title='bbox 1733 2443 1891 2482; x_wconf 84' lang='lat' dir='ltr'><strong>diximus</strong></span> 
     </span>
     <span class='ocr_line' id='line_1_42' title="bbox 296 2498 1888 2552; baseline -0.001 -14"><span class='ocrx_word' id='word_1_428' title='bbox 296 2502 346 2538; x_wconf 85' lang='lat' dir='ltr'><strong>de</strong></span> <span class='ocrx_word' id='word_1_429' title='bbox 361 2512 455 2539; x_wconf 86' lang='lat' dir='ltr'><strong>terra</strong></span> <span class='ocrx_word' id='word_1_430' title='bbox 479 2512 690 2551; x_wconf 85' lang='lat' dir='ltr'><strong>retorqueat</strong></span> <span class='ocrx_word' id='word_1_431' title='bbox 721 2499 910 2552; x_wconf 90' lang='lat' dir='ltr'><strong>(videlicet</strong></span> <span class='ocrx_word' id='word_1_432' title='bbox 934 2499 1038 2549; x_wconf 89' lang='lat' dir='ltr'><strong>quod</strong></span> <span class='ocrx_word' id='word_1_433' title='bbox 1061 2500 1301 2545; x_wconf 78' lang='lat' dir='ltr'><strong>mutationes,</strong></span> <span class='ocrx_word' id='word_1_434' title='bbox 1322 2511 1416 2547; x_wconf 86' lang='lat' dir='ltr'><strong>quae</strong></span> <span class='ocrx_word' id='word_1_435' title='bbox 1437 2498 1474 2536; x_wconf 92' lang='lat' dir='ltr'><strong>in</strong></span> <span class='ocrx_word' id='word_1_436' title='bbox 1496 2512 1537 2535; x_wconf 87' lang='lat' dir='ltr'><strong>ea</strong></span> <span class='ocrx_word' id='word_1_437' title='bbox 1570 2499 1677 2546; x_wconf 87' lang='lat' dir='ltr'><strong>fiunt,</strong></span> <span class='ocrx_word' id='word_1_438' title='bbox 1703 2511 1768 2548; x_wconf 87' lang='lat' dir='ltr'><strong>per</strong></span> <span class='ocrx_word' id='word_1_439' title='bbox 1797 2501 1888 2536; x_wconf 84' lang='lat' dir='ltr'><strong>acei-</strong></span> 
     </span>
     <span class='ocr_line' id='line_1_43' title="bbox 297 2551 1891 2605; baseline 0 -13"><span class='ocrx_word' id='word_1_440' title='bbox 297 2555 389 2592; x_wconf 83' lang='lat' dir='ltr'><strong>dens</strong></span> <span class='ocrx_word' id='word_1_441' title='bbox 403 2556 480 2593; x_wconf 86' lang='lat' dir='ltr'><strong>fieri</strong></span> <span class='ocrx_word' id='word_1_442' title='bbox 495 2557 740 2603; x_wconf 77' lang='lat' dir='ltr'><strong>differuimus,</strong></span> <span class='ocrx_word' id='word_1_443' title='bbox 764 2568 811 2592; x_wconf 92' lang='lat' dir='ltr'><strong>co</strong></span> <span class='ocrx_word' id='word_1_444' title='bbox 828 2554 931 2603; x_wconf 91' lang='lat' dir='ltr'><strong>quod</strong></span> <span class='ocrx_word' id='word_1_445' title='bbox 947 2564 1044 2590; x_wconf 85' lang='lat' dir='ltr'><strong>terra</strong></span> <span class='ocrx_word' id='word_1_446' title='bbox 1063 2554 1224 2605; x_wconf 84' lang='lat' dir='ltr'><strong>patiatur</strong></span> <span class='ocrx_word' id='word_1_447' title='bbox 1243 2566 1263 2590; x_wconf 88' lang='lat' dir='ltr'><strong>a</strong></span> <span class='ocrx_word' id='word_1_448' title='bbox 1278 2555 1430 2602; x_wconf 82' lang='lat' dir='ltr'><strong>coelo;)</strong></span> <span class='ocrx_word' id='word_1_449' title='bbox 1467 2564 1576 2602; x_wconf 86' lang='lat' dir='ltr'><strong>atque</strong></span> <span class='ocrx_word' id='word_1_450' title='bbox 1598 2553 1721 2591; x_wconf 78' lang='lat' dir='ltr'><strong>afferat</strong></span> <span class='ocrx_word' id='word_1_451' title='bbox 1745 2551 1891 2592; x_wconf 82' lang='lat' dir='ltr'><strong>contra-</strong></span> 
     </span>
     <span class='ocr_line' id='line_1_44' title="bbox 298 2605 1892 2660; baseline 0.001 -14"><span class='ocrx_word' id='word_1_452' title='bbox 298 2612 392 2647; x_wconf 87' lang='lat' dir='ltr'><strong>riam</strong></span> <span class='ocrx_word' id='word_1_453' title='bbox 417 2611 484 2648; x_wconf 70' lang='lat' dir='ltr'><strong>ess‘e</strong></span> <span class='ocrx_word' id='word_1_454' title='bbox 509 2614 696 2649; x_wconf 87' lang='lat' dir='ltr'><strong>rationem</strong></span> <span class='ocrx_word' id='word_1_455' title='bbox 729 2611 839 2657; x_wconf 88' lang='lat' dir='ltr'><strong>coeli,</strong></span> <span class='ocrx_word' id='word_1_456' title='bbox 870 2621 957 2647; x_wconf 90' lang='lat' dir='ltr'><strong>cum</strong></span> <span class='ocrx_word' id='word_1_457' title='bbox 986 2611 1135 2645; x_wconf 86' lang='lat' dir='ltr'><strong>coelum</strong></span> <span class='ocrx_word' id='word_1_458' title='bbox 1159 2609 1269 2646; x_wconf 89' lang='lat' dir='ltr'><strong>nullo</strong></span> <span class='ocrx_word' id='word_1_459' title='bbox 1297 2609 1417 2646; x_wconf 90' lang='lat' dir='ltr'><strong>modo</strong></span> <span class='ocrx_word' id='word_1_460' title='bbox 1445 2611 1520 2659; x_wconf 81' lang='lat' dir='ltr'><strong>pati</strong></span> <span class='ocrx_word' id='word_1_461' title='bbox 1555 2605 1667 2660; x_wconf 79' lang='lat' dir='ltr'><strong>possit</strong></span> <span class='ocrx_word' id='word_1_462' title='bbox 1698 2605 1851 2646; x_wconf 85' lang='lat' dir='ltr'><strong>viciffim</strong></span> <span class='ocrx_word' id='word_1_463' title='bbox 1872 2622 1892 2647; x_wconf 88' lang='lat' dir='ltr'><strong>a</strong></span> 
     </span>
     <span class='ocr_line' id='line_1_45' title="bbox 298 2660 1892 2716; baseline 0 -15"><span class='ocrx_word' id='word_1_464' title='bbox 298 2675 409 2710; x_wconf 83' lang='lat' dir='ltr'><strong>terra,</strong></span> <span class='ocrx_word' id='word_1_465' title='bbox 434 2666 740 2715; x_wconf 84' lang='lat' dir='ltr'><strong>quandoquidem</strong></span> <span class='ocrx_word' id='word_1_466' title='bbox 764 2667 891 2702; x_wconf 86' lang='lat' dir='ltr'><strong>omnis</strong></span> <span class='ocrx_word' id='word_1_467' title='bbox 906 2660 1057 2701; x_wconf 76' lang='lat' dir='ltr'><strong>emissio</strong></span> <span class='ocrx_word' id='word_1_468' title='bbox 1086 2676 1105 2700; x_wconf 90' lang='lat' dir='ltr'><strong>a</strong></span> <span class='ocrx_word' id='word_1_469' title='bbox 1124 2673 1218 2700; x_wconf 87' lang='lat' dir='ltr'><strong>terra</strong></span> <span class='ocrx_word' id='word_1_470' title='bbox 1246 2665 1337 2700; x_wconf 88' lang='lat' dir='ltr'><strong>citra</strong></span> <span class='ocrx_word' id='word_1_471' title='bbox 1353 2666 1504 2701; x_wconf 87' lang='lat' dir='ltr'><strong>coelum</strong></span> <span class='ocrx_word' id='word_1_472' title='bbox 1531 2661 1681 2704; x_wconf 79' lang='lat' dir='ltr'><strong>desinat,</strong></span> <span class='ocrx_word' id='word_1_473' title='bbox 1706 2673 1747 2700; x_wconf 90' lang='lat' dir='ltr'><strong>ut</strong></span> <span class='ocrx_word' id='word_1_474' title='bbox 1762 2664 1892 2716; x_wconf 88' lang='lat' dir='ltr'><strong>proba-</strong></span> 
     </span>
     <span class='ocr_line' id='line_1_46' title="bbox 301 2717 1892 2770; baseline -0.001 -14"><span class='ocrx_word' id='word_1_475' title='bbox 301 2718 375 2757; x_wconf 89' lang='lat' dir='ltr'><strong>bile</strong></span> <span class='ocrx_word' id='word_1_476' title='bbox 390 2718 430 2756; x_wconf 76' lang='lat' dir='ltr'><strong>fit</strong></span> <span class='ocrx_word' id='word_1_477' title='bbox 445 2722 594 2757; x_wconf 89' lang='lat' dir='ltr'><strong>coelum</strong></span> <span class='ocrx_word' id='word_1_478' title='bbox 610 2723 706 2758; x_wconf 81' lang='lat' dir='ltr'><strong>ultra</strong></span> <span class='ocrx_word' id='word_1_479' title='bbox 728 2732 888 2758; x_wconf 87' lang='lat' dir='ltr'><strong>omnem</strong></span> <span class='ocrx_word' id='word_1_480' title='bbox 903 2720 982 2757; x_wconf 92' lang='lat' dir='ltr'><strong>vim</strong></span> <span class='ocrx_word' id='word_1_481' title='bbox 1011 2719 1205 2755; x_wconf 85' lang='lat' dir='ltr'><strong>inimicam</strong></span> <span class='ocrx_word' id='word_1_482' title='bbox 1231 2717 1441 2768; x_wconf 84' lang='lat' dir='ltr'><strong>sepositum,</strong></span> <span class='ocrx_word' id='word_1_483' title='bbox 1471 2717 1713 2770; x_wconf 74' lang='lat' dir='ltr'><strong>lusceptivum</strong></span> <span class='ocrx_word' id='word_1_484' title='bbox 1744 2718 1812 2755; x_wconf 81' lang='lat' dir='ltr'><strong>effe</strong></span> <span class='ocrx_word' id='word_1_485' title='bbox 1836 2731 1892 2755; x_wconf 90' lang='lat' dir='ltr'><strong>ae-</strong></span> 
     </span>
     <span class='ocr_line' id='line_1_47' title="bbox 301 2772 1892 2827; baseline -0.001 -16"><span class='ocrx_word' id='word_1_486' title='bbox 301 2775 500 2821; x_wconf 83' lang='lat' dir='ltr'><strong>ternitatis,</strong></span> <span class='ocrx_word' id='word_1_487' title='bbox 528 2787 616 2811; x_wconf 88' lang='lat' dir='ltr'><strong>cum</strong></span> <span class='ocrx_word' id='word_1_488' title='bbox 640 2789 660 2812; x_wconf 84' lang='lat' dir='ltr'><strong>a</strong></span> <span class='ocrx_word' id='word_1_489' title='bbox 684 2786 814 2813; x_wconf 84' lang='lat' dir='ltr'><strong>natura</strong></span> <span class='ocrx_word' id='word_1_490' title='bbox 830 2772 998 2827; x_wconf 80' lang='lat' dir='ltr'><strong>opposita</strong></span> <span class='ocrx_word' id='word_1_491' title='bbox 1022 2772 1179 2810; x_wconf 89' lang='lat' dir='ltr'><strong>minime</strong></span> <span class='ocrx_word' id='word_1_492' title='bbox 1207 2776 1443 2811; x_wconf 80' lang='lat' dir='ltr'><strong>concutiatur</strong></span> <span class='ocrx_word' id='word_1_493' title='bbox 1466 2784 1528 2810; x_wconf 86' lang='lat' dir='ltr'><strong>aut</strong></span> <span class='ocrx_word' id='word_1_494' title='bbox 1561 2773 1822 2814; x_wconf 63' lang='lat' dir='ltr'><strong>labefactetur3</strong></span> <span class='ocrx_word' id='word_1_495' title='bbox 1864 2772 1892 2810; x_wconf 89' lang='lat' dir='ltr'><strong>is</strong></span> 
     </span>
     <span class='ocr_line' id='line_1_48' title="bbox 301 2824 1891 2878; baseline -0.001 -12"><span class='ocrx_word' id='word_1_496' title='bbox 301 2842 382 2866; x_wconf 90' lang='lat' dir='ltr'><strong>non</strong></span> <span class='ocrx_word' id='word_1_497' title='bbox 397 2830 675 2866; x_wconf 82' lang='lat' dir='ltr'><strong>contemnenda</strong></span> <span class='ocrx_word' id='word_1_498' title='bbox 690 2831 871 2878; x_wconf 87' lang='lat' dir='ltr'><strong>quaedam</strong></span> <span class='ocrx_word' id='word_1_499' title='bbox 887 2829 1031 2874; x_wconf 74' lang='lat' dir='ltr'><strong>objicit.</strong></span> <span class='ocrx_word' id='word_1_500' title='bbox 1078 2830 1215 2877; x_wconf 87' lang='lat' dir='ltr'><strong>Neque</strong></span> <span class='ocrx_word' id='word_1_501' title='bbox 1230 2830 1333 2866; x_wconf 90' lang='lat' dir='ltr'><strong>enim</strong></span> <span class='ocrx_word' id='word_1_502' title='bbox 1349 2828 1372 2865; x_wconf 89' lang='lat' dir='ltr'><strong>ii</strong></span> <span class='ocrx_word' id='word_1_503' title='bbox 1387 2829 1521 2874; x_wconf 76' lang='lat' dir='ltr'><strong>sumuS,</strong></span> <span class='ocrx_word' id='word_1_504' title='bbox 1538 2826 1600 2875; x_wconf 84' lang='lat' dir='ltr'><strong>qui</strong></span> <span class='ocrx_word' id='word_1_505' title='bbox 1617 2824 1796 2864; x_wconf 73' lang='lat' dir='ltr'><strong>Thaletis</strong></span> <span class='ocrx_word' id='word_1_506' title='bbox 1811 2826 1891 2864; x_wconf 81' lang='lat' dir='ltr'><strong>fim-</strong></span> 
     </span>
     <span class='ocr_line' id='line_1_49' title="bbox 302 2880 1947 2936; baseline -0.001 -15"><span class='ocrx_word' id='word_1_507' title='bbox 302 2883 506 2936; x_wconf 84' lang='lat' dir='ltr'><strong>plicitatem</strong></span> <span class='ocrx_word' id='word_1_508' title='bbox 541 2896 785 2932; x_wconf 79' lang='lat' dir='ltr'><strong>revereamur,</strong></span> <span class='ocrx_word' id='word_1_509' title='bbox 808 2886 873 2932; x_wconf 89' lang='lat' dir='ltr'><strong>qui</strong></span> <span class='ocrx_word' id='word_1_510' title='bbox 905 2883 1008 2933; x_wconf 86' lang='lat' dir='ltr'><strong>ignes</strong></span> <span class='ocrx_word' id='word_1_511' title='bbox 1033 2882 1205 2921; x_wconf 88' lang='lat' dir='ltr'><strong>coelestes</strong></span> <span class='ocrx_word' id='word_1_512' title='bbox 1232 2882 1422 2935; x_wconf 83' lang='lat' dir='ltr'><strong>depascere</strong></span> <span class='ocrx_word' id='word_1_513' title='bbox 1450 2894 1602 2934; x_wconf 85' lang='lat' dir='ltr'><strong>vapores</strong></span> <span class='ocrx_word' id='word_1_514' title='bbox 1627 2894 1647 2919; x_wconf 94' lang='lat' dir='ltr'><strong>e</strong></span> <span class='ocrx_word' id='word_1_515' title='bbox 1675 2893 1767 2919; x_wconf 77' lang='lat' dir='ltr'><strong>terra</strong></span> <span class='ocrx_word' id='word_1_516' title='bbox 1791 2884 1827 2920; x_wconf 86' lang='lat'>&amp;</span> <span class='ocrx_word' id='word_1_517' title='bbox 1853 2895 1893 2920; x_wconf 86' lang='grc' dir='ltr'><strong>ο·</strong></span> <span class='ocrx_word' id='word_1_518' title='bbox 1945 2880 1947 2882; x_wconf 62' lang='grc'><strong>’</strong></span> 
     </span>
     <span class='ocr_line' id='line_1_50' title="bbox 300 2937 1893 2988; baseline -0.001 -12"><span class='ocrx_word' id='word_1_519' title='bbox 300 2951 419 2976; x_wconf 76' lang='lat' dir='ltr'><strong>ccano</strong></span> <span class='ocrx_word' id='word_1_520' title='bbox 436 2939 663 2984; x_wconf 77' lang='lat' dir='ltr'><strong>iixblimatos,</strong></span> <span class='ocrx_word' id='word_1_521' title='bbox 679 2950 789 2987; x_wconf 82' lang='lat' dir='ltr'><strong>atque</strong></span> <span class='ocrx_word' id='word_1_522' title='bbox 807 2939 892 2976; x_wconf 90' lang='lat' dir='ltr'><strong>inde</strong></span> <span class='ocrx_word' id='word_1_523' title='bbox 910 2940 958 2976; x_wconf 90' lang='lat' dir='ltr'><strong>ali</strong></span> <span class='ocrx_word' id='word_1_524' title='bbox 975 2941 1011 2975; x_wconf 77' lang='grc' dir='ltr'><strong>ὅ(</strong></span> <span class='ocrx_word' id='word_1_525' title='bbox 1026 2939 1126 2975; x_wconf 85' lang='lat' dir='ltr'><strong>refici</strong></span> <span class='ocrx_word' id='word_1_526' title='bbox 1143 2937 1312 2988; x_wconf 81' lang='lat' dir='ltr'><strong>opinatus</strong></span> <span class='ocrx_word' id='word_1_527' title='bbox 1328 2937 1395 2978; x_wconf 79' lang='lat' dir='ltr'><strong>est3</strong></span> <span class='ocrx_word' id='word_1_528' title='bbox 1434 2937 1505 2987; x_wconf 90' lang='lat' dir='ltr'><strong>(illi</strong></span> <span class='ocrx_word' id='word_1_529' title='bbox 1534 2949 1624 2973; x_wconf 91' lang='lat' dir='ltr'><strong>vero</strong></span> <span class='ocrx_word' id='word_1_530' title='bbox 1650 2949 1805 2988; x_wconf 80' lang='lat' dir='ltr'><strong>vapores</strong></span> <span class='ocrx_word' id='word_1_531' title='bbox 1840 2940 1893 2974; x_wconf 73' lang='lat' dir='ltr'><strong>re-&#39;</strong></span> 
     </span>
     <span class='ocr_line' id='line_1_51' title="bbox 303 2991 1893 3041; baseline -0.001 -11"><span class='ocrx_word' id='word_1_532' title='bbox 303 2994 435 3030; x_wconf 86' lang='lat' dir='ltr'><strong>ciduut</strong></span> <span class='ocrx_word' id='word_1_533' title='bbox 466 2994 543 3030; x_wconf 82' lang='lat' dir='ltr'><strong>fere</strong></span> <span class='ocrx_word' id='word_1_534' title='bbox 574 2992 681 3029; x_wconf 75' lang='lat' dir='ltr'><strong>ssmili</strong></span> <span class='ocrx_word' id='word_1_535' title='bbox 717 3004 860 3040; x_wconf 87' lang='lat' dir='ltr'><strong>quanto</strong></span> <span class='ocrx_word' id='word_1_536' title='bbox 884 3006 924 3030; x_wconf 86' lang='lat' dir='ltr'><strong>ac</strong></span> <span class='ocrx_word' id='word_1_537' title='bbox 953 2993 1236 3040; x_wconf 84' lang='lat' dir='ltr'><strong>adscenderunt,</strong></span> <span class='ocrx_word' id='word_1_538' title='bbox 1261 3005 1383 3041; x_wconf 90' lang='lat' dir='ltr'><strong>neque</strong></span> <span class='ocrx_word' id='word_1_539' title='bbox 1413 2991 1617 3028; x_wconf 84' lang='lat' dir='ltr'><strong>reficiendis</strong></span> <span class='ocrx_word' id='word_1_540' title='bbox 1646 2994 1682 3028; x_wconf 76' lang='grc' dir='ltr'><strong>ὃ(</strong></span> <span class='ocrx_word' id='word_1_541' title='bbox 1710 3003 1827 3028; x_wconf 87' lang='lat' dir='ltr'><strong>terrac</strong></span> <span class='ocrx_word' id='word_1_542' title='bbox 1856 2995 1893 3029; x_wconf 74' lang='grc' dir='ltr'><strong>ὅ(</strong></span> 
     </span>
     <span class='ocr_line' id='line_1_52' title="bbox 301 3045 1893 3098; baseline -0.001 -14"><span class='ocrx_word' id='word_1_543' title='bbox 301 3048 423 3095; x_wconf 84' lang='lat' dir='ltr'><strong>globis</strong></span> <span class='ocrx_word' id='word_1_544' title='bbox 444 3047 657 3085; x_wconf 81' lang='lat' dir='ltr'><strong>coelestibus</strong></span> <span class='ocrx_word' id='word_1_545' title='bbox 672 3049 753 3085; x_wconf 92' lang='lat' dir='ltr'><strong>ullo</strong></span> <span class='ocrx_word' id='word_1_546' title='bbox 773 3049 893 3084; x_wconf 89' lang='lat' dir='ltr'><strong>modo</strong></span> <span class='ocrx_word' id='word_1_547' title='bbox 908 3045 1106 3088; x_wconf 82' lang='lat' dir='ltr'><strong>sufficiunt,</strong></span> <span class='ocrx_word' id='word_1_548' title='bbox 1121 3060 1243 3097; x_wconf 89' lang='lat' dir='ltr'><strong>neque</strong></span> <span class='ocrx_word' id='word_1_549' title='bbox 1257 3046 1404 3098; x_wconf 86' lang='lat' dir='ltr'><strong>prorsus</strong></span> <span class='ocrx_word' id='word_1_550' title='bbox 1421 3048 1458 3083; x_wconf 91' lang='lat' dir='ltr'><strong>in</strong></span> <span class='ocrx_word' id='word_1_551' title='bbox 1475 3057 1552 3082; x_wconf 85' lang='lat' dir='ltr'><strong>tam</strong></span> <span class='ocrx_word' id='word_1_552' title='bbox 1568 3048 1686 3083; x_wconf 82' lang='lat' dir='ltr'><strong>altum</strong></span> <span class='ocrx_word' id='word_1_553' title='bbox 1701 3048 1893 3098; x_wconf 85' lang='lat' dir='ltr'><strong>pervenite</strong></span> 
     </span>
     <span class='ocr_line' id='line_1_53' title="bbox 301 3099 1895 3152; baseline -0.003 -10"><span class='ocrx_word' id='word_1_554' title='bbox 301 3099 460 3152; x_wconf 76' lang='lat' dir='ltr'><strong>possitit)</strong></span> <span class='ocrx_word' id='word_1_555' title='bbox 491 3103 551 3142; x_wconf 89' lang='lat' dir='ltr'><strong>sed</strong></span> <span class='ocrx_word' id='word_1_556' title='bbox 567 3113 693 3141; x_wconf 80' lang='lat' dir='ltr'><strong>tamen</strong></span> <span class='ocrx_word' id='word_1_557' title='bbox 722 3113 912 3151; x_wconf 86' lang='lat' dir='ltr'><strong>utcunque</strong></span> <span class='ocrx_word' id='word_1_558' title='bbox 942 3113 1061 3142; x_wconf 85' lang='lat' dir='ltr'><strong>terrac</strong></span> <span class='ocrx_word' id='word_1_559' title='bbox 1084 3099 1233 3142; x_wconf 81' lang='lat' dir='ltr'><strong>effluvia</strong></span> <span class='ocrx_word' id='word_1_560' title='bbox 1261 3103 1451 3139; x_wconf 82' lang='lat' dir='ltr'><strong>materiata</strong></span> <span class='ocrx_word' id='word_1_561' title='bbox 1475 3101 1590 3151; x_wconf 86' lang='lat' dir='ltr'><strong>louge</strong></span> <span class='ocrx_word' id='word_1_562' title='bbox 1618 3100 1726 3139; x_wconf 46' lang='lat' dir='ltr'><strong>infra&gt;</strong></span> <span class='ocrx_word' id='word_1_563' title='bbox 1744 3102 1895 3139; x_wconf 84' lang='lat' dir='ltr'><strong>coelum</strong></span> 
     </span>
    </p>

    <p class='ocr_par' dir='ltr' id='par_1_3' title="bbox 728 3156 1896 3193">
     <span class='ocr_line' id='line_1_54' title="bbox 728 3156 1896 3193; baseline -0.001 0"><span class='ocrx_word' id='word_1_564' title='bbox 728 3168 742 3193; x_wconf 93' lang='lat'>1</span> <span class='ocrx_word' id='word_1_565' title='bbox 1391 3166 1395 3170; x_wconf 77' lang='grc'><strong>’</strong></span> <span class='ocrx_word' id='word_1_566' title='bbox 1862 3156 1896 3192; x_wconf 85' lang='lat' dir='ltr'><strong>se</strong></span> 
     </span>
    </p>
   </div>
  </div>
 </body>
</html>
