1973 3570
233 293 703 347 HisToRIA
739 297 932 343 soNi
969 295 1066 344 ET
1102 284 1518 344 AUDiTUS.

90 410 95 415 ·
119 390 277 438 ,Anno
302 404 344 432 ut
362 387 587 441 existimem,
625 392 762 431 sonum
782 392 976 431 clamantis
997 393 1094 430 bene
1118 404 1313 442 magnum,
1350 397 1391 432 in
1416 405 1527 445 parva
1547 392 1592 430 ab
1614 391 1695 447 ipso'

83 454 195 490 matu
223 451 411 487 anhelitus
440 449 621 496 distantia,
658 450 717 486 vix
745 447 885 487 folium
913 448 1068 498 aliquod
1088 450 1220 499 populi
1246 450 1351 488 albae
1376 449 1596 496 tremulum,
1633 456 1695 489 aiit'

80 505 270 553 festucam,
298 514 362 541 aut
385 503 579 542 flammam
600 513 810 541 moturum.

134 560 391 599 ATTAMEN
411 561 452 597 in
467 558 740 609 pulsationibus
755 559 961 605 majoribus
975 557 1271 608 deprehenditur
1285 568 1415 596 motus
1434 559 1544 610 plane
1560 570 1693 610 corpo-

83 616 169 653 ralis
183 616 219 653 δ(
239 615 391 652 actualis
406 617 518 651 aelris:
547 615 586 651 id
601 626 693 651 vero
710 624 837 651 utrum
853 613 915 651 fiat
930 626 950 651 a
965 624 1075 651 motu
1094 613 1188 663 ipso,
1218 614 1282 662 qui
1298 624 1451 662 generat
1467 614 1615 661 sonum,
1646 616 1694 653 an·

79 682 102 708 a
121 669 316 716 concausa,
346 679 408 706 aut
428 670 739 716 concomitantia,
768 681 850 706 non
867 669 1019 706 constat.
1077 668 1267 706 Toniti·ua
1282 669 1509 717 quandoque
1530 678 1694 707 tremere

77 725 222 764 faciunt
233 724 405 761 fenestras
417 725 561 770 vitreas,
581 726 618 761 &
633 725 750 760 etiam
764 723 919 773 parietes
933 738 940 760 :
960 724 1123 761 arbitror
1136 726 1251 761 etiam
1267 723 1491 760 bombardas
1505 723 1695 773 displol'aS,

80 789 144 818 aut
160 778 375 829 eruptiones
396 780 660 816 cuniculorum
684 778 1014 817 fiffirerraneorum
1034 778 1136 816 idem
1156 780 1289 816 facere.

136 836 346 872 MEMINI
367 836 493 879 etiam,
524 835 566 871 ni
587 834 710 880 fallor,
741 836 836 886 apud
858 835 1065 883 collegium
1087 836 1235 884 regium
1255 836 1295 871 in
1316 830 1587 885 Cantabrigia‚
1619 835 1690 872 css'e

82 891 248 940 ligneam
271 889 459 937 quandam
483 889 659 927 fabricam
682 891 724 926 in
748 901 820 938 qua
842 901 1043 942 campanae
1068 889 1247 938 pendent,
1284 900 1443 937 eamque
1463 901 1483 926 a
1503 892 1693 938 campanis

79 945 236 994 quando
251 943 386 981 sonant
398 945 602 993 quatefieri.
662 944 734 982 Sed
749 943 1016 993 qualiscunque
1031 942 1143 982 fuerit
1159 944 1223 981 ille
1235 945 1405 981 occultus
1421 954 1548 981 motus
1563 945 1628 993 qui
1645 946 1693 982 cst

81 1000 207 1053 soniis,
237 1009 388 1053 apparet
412 1001 522 1038 illum
542 1012 611 1037 nec
632 999 768 1048 absque
784 999 981 1036 manifesto
1007 1010 1117 1036 motu
1138 1000 1177 1036 in
1198 1001 1320 1050 prima
1342 998 1553 1048 pulsatione
1575 998 1693 1049 gigni,

81 1058 119 1093 δ(
133 1054 255 1092 rursus
269 1066 335 1104 per
350 1065 501 1092 motum
521 1053 758 1092 manifestum
774 1055 865 1091 a'e'ris
884 1055 1023 1091 deferri
1039 1064 1101 1091 aut
1122 1055 1309 1104 impediri.

134 1111 238 1149 VER
248 1120 351 1147 EUM
365 1111 507 1160 placide
520 1111 722 1160 prolatum,
751 1108 856 1157 quod
871 1109 916 1145 ad
928 1108 1137 1146 distantiam
1152 1110 1308 1157 triginta
1321 1108 1461 1160 pedum
1476 1108 1575 1146 forte
1591 1115 1696 1147 exau'-

81 1164 154 1202 diri
176 1161 302 1215 polilt,
330 1174 458 1202 tamen
479 1166 673 1202 admotam
699 1163 892 1200 flammam
915 1163 1090 1200 candelae
1114 1175 1231 1214 prope
1252 1175 1308 1209 OS,
1345 1163 1390 1199 ad
1415 1175 1534 1200 unum
1555 1165 1692 1212 pedem

35 1246 38 1248 v
81 1222 209 1266 etiam,
244 1221 304 1257 vix
328 1221 513 1268 trepidare
535 1220 668 1256 faciet:
706 1219 770 1256 ubi
796 1219 909 1270 paulo
931 1215 1112 1255 intensior
1131 1218 1238 1255 flatus
1264 1218 1339 1254 otis
1364 1216 1558 1254 flammam
1583 1218 1694 1256 faciet
1734 1234 1736 1237 ·

81 1275 284 1314 tremulam
301 1275 425 1311 multo
441 1275 481 1311 in
503 1275 677 1324 longiore
693 1273 872 1311 distantia.

137 1331 293 1367 SoNus
322 1341 598 1380 campanarum,
637 1331 673 1366 ὃς
693 1327 883 1376 similium,
922 1328 1062 1368 accedit
1082 1328 1228 1374 clarior,
1265 1337 1327 1365 aut
1350 1327 1489 1364 recedit
1509 1327 1695 1369 hebetior,

82 1395 196 1438 prout
211 1385 274 1421 flat
289 1395 432 1429 ventus,
453 1384 576 1422 vei-sus
590 1396 717 1422 aurem
732 1396 795 1422 aut
811 1384 990 1423 adversus.
1046 1386 1150 1422 Idem
1165 1384 1206 1421 fit
1218 1385 1259 1420 in
1274 1384 1461 1420 clamore:
1482 1383 1547 1431 qui
1562 1393 1695 1420 contra

81 1450 240 1478 ventum
259 1440 382 1476 editus
402 1452 482 1476 non
498 1450 575 1476 tam
591 1441 706 1489 longe
722 1441 878 1478 auditur.

136 1497 421 1541 TRADITUR,
451 1507 514 1544 pet
538 1497 709 1544 ingentes
729 1496 912 1532 clamores
938 1495 1259 1547 applaudentium,
1288 1496 1326 1532 ὃ(
1348 1504 1460 1530 voces
1482 1492 1603 1539 jubili,
1642 1494 1693 1530 ita

83 1553 115 1588 ε’
114 1559 208 1587 :rem
227 1549 402 1586 consum
427 1561 489 1587 aut
510 1551 729 1587 rarefat’tum
753 1550 869 1597 fuisse,
899 1561 940 1588 iit
963 1551 1180 1588 deciderent
1201 1561 1244 1586 av
1246 1561 1284 1586 es
1303 1549 1485 1586 volantes·
1545 1549 1695 1597 Opinio

81 1619 125 1645 v:-
130 1617 188 1643 ata
191 1617 246 1652 ur,
269 1604 381 1642 l'onit
383 1618 411 1641 is
439 1605 693 1667 complurium
724 1617 990 1657 campanarum
1006 1603 1142 1644 simul
1134 1617 1176 1642 in
1191 1604 1344 1642 urbibus
1356 1599 1545 1653 populosis
1560 1614 1694 1640 contra

82 1663 121 1699 ὃ(
128 1636 344 1698 fulminum
366 1662 572 1711 perniciem
590 1663 625 1697 ὅ(
646 1658 868 1709 pestilentias
884 1662 1018 1699 valere.

133 1717 350 1753 TRADUN
364 1727 456 1752 rUR
475 1728 545 1765 pro
566 1726 671 1752 certo
692 1716 785 1762 loca,
818 1719 854 1753 δε
875 1716 1038 1753 aedificia
1053 1715 1252 1761 nonnulla,
1283 1716 1333 1751 ita
1348 1723 1620 1759 concamerata,
1649 1723 1693 1750 ut

84 1768 111 1808 fi
125 1773 207 1820 quia·
225 1774 411 1818 loquatur,
441 1781 551 1819 atque
569 1771 623 1817 (ut
639 1770 769 1819 fertur)
787 1770 933 1808 locutio
950 1769 1011 1808 ista
1026 1771 1087 1808 fiat
1103 1782 1235 1808 contra
1250 1771 1430 1821 parietem
1446 1770 1486 1805 in
1502 1780 1575 1804 una
1591 1778 1695 1817 parte

88 1838 266 1872 camerac,
296 1826 427 1862 melius
448 1827 689 1864 exaudiantur
710 1828 821 1864 verba
845 1826 924 1876 post
947 1826 1156 1864 distantiam
1178 1825 1407 1862 nonnullam
1423 1835 1443 1859 a
1465 1834 1558 1861 voce
1579 1834 1694 1872 quam

84 1892 215 1935 prope.

142 1939 247 1975 Nor
256 1948 340 1975 AVI
362 1935 520 1974 sedens
511 1950 551 1974 in
567 1949 689 1983 curru,
720 1939 756 1975 ὅ(
771 1937 930 1975 demisso
945 1950 987 1975 cx
1016 1949 1088 1975 una
1108 1946 1212 1989 parte
1232 1936 1318 1973 ielo
1333 1946 1473 1981 cultus,
1502 1942 1634 1985 aperto
1649 1945 1693 1969 ex

87 1994 213 2038 altera,
242 1991 474 2039 mendicum,
502 1994 567 2040 qui
592 1968 773 2030 ciam'abat
789 2006 831 2030 ex
856 1995 970 2030 latere
992 2005 1120 2030 currus
1141 1991 1277 2038 clauso,
1308 1993 1359 2028 ita
1382 1989 1501 2028 visum
1518 1988 1587 2025 effe
1611 1999 1651 2024 ac
1666 1986 1692 2024 fi

87 2051 120 2085 c'.
114 2058 265 2102 amaret
281 2059 323 2083 ex
340 2048 452 2084 latere
472 2058 622 2097 aperto,
654 2058 695 2085 ut
710 2059 786 2086 vox
801 2049 910 2098 plane
931 2047 1073 2100 repulsa
1088 2047 1274 2094 circuiret,
1303 2056 1366 2083 aut
1381 2045 1512 2082 laitem
1527 2042 1696 2091 undique

77 2099 156 2140 son
160 2115 236 2150 ans,
266 2111 457 2154 putaretur
472 2112 600 2140 tamen
615 2116 657 2140 cx
673 2115 715 2140 ea
735 2114 836 2152 paite
850 2105 970 2141 audiri
990 2115 1062 2151 qua
1082 2104 1215 2139 melius
1233 2102 1475 2153 peitingeret.

144 2160 193 2196 Si
208 2168 380 2195 teneatur
407 2158 560 2209 candela
579 2159 678 2204 juxta
701 2158 875 2196 foramen
890 2159 983 2196 illud
1008 2158 1112 2220 quod
1128 2157 1352 2209 spiraculum
1372 2155 1421 2193 est
1443 2154 1627 2204 tympani,
1656 2154 1694 2188 &

90 2215 317 2264 percutiatur
337 2207 574 2262 tympanum,
604 2212 882 2251 concutitur&
907 2214 1138 2262 extinguitur
1163 2212 1326 2249 flamma.
1382 2210 1488 2247 Idem
1512 2210 1553 2245 fit
1574 2210 1615 2244 in
1638 2205 1694 2243 so-

89 2269 219 2307 nando
239 2280 359 2305 cornu
374 2270 574 2311 κηποι-,ᾗς
604 2266 629 2304 fi
644 2279 852 2318 apponatur
868 2244 1034 2305 candelaD
1036 2268 1079 2305 ad
1096 2269 1239 2304 exitum
1254 2277 1386 2311 cornu,
1415 2267 1485 2301 &c.

144 2325 312 2361 ΕῩΙΑΜ
335 2320 530 2374 exquisitae
550 2322 796 2370 differentiae,
826 2335 915 2371 quas
938 2322 1084 2373 sulcipit
1107 2321 1229 2366 sonus,
1260 2319 1391 2367 easque
1415 2318 1540 2354 secum
1559 2316 1692 2363 defert,

91 2377 349 2417 demonstrant
378 2377 592 2438 hujusmodi
621 2379 757 2415 molles
779 2377 930 2415 affeetus
955 2389 1035 2413 non
1062 2376 1130 2413 esse
1157 2385 1283 2411 motus
1312 2374 1516 2410 continuos
1541 2372 1692 2409 locales.

91 2431 195 2472 Nam
219 2428 334 2482 sigilla
358 2433 397 2468 in
422 2432 574 2470 materia
593 2444 696 2470 certe
718 2432 1003 2470 accommodata
1023 2431 1164 2468 faciunt
1185 2426 1377 2477 exquisitas
1404 2423 1693 2478 impressiones·
1684 2452 1695 2467 ‚

89 2491 142 2527 ita
161 2496 202 2527 ut
217 2489 257 2525 in
273 2490 516 2549 generatione
538 2487 618 2525 soni
633 2488 780 2525 fortaffe
800 2487 874 2524 hoc
887 2486 965 2524 fieri
980 2482 1105 2536 possit.
1163 2484 1234 2522 Sed
1249 2484 1390 2521 delatio
1405 2485 1441 2520 ὅ(
1456 2483 1697 2520 continuatio

90 2545 153 2582 illa
172 2547 253 2581 non
273 2544 466 2591 competit,
498 2543 712 2592 praesertim
734 2545 774 2580 in
794 2543 966 2591 liquidis:
998 2537 1199 2589 Exquisitas
1219 2549 1344 2576 autem
1364 2539 1444 2574 illas
1464 2537 1695 2575 differentias

90 2598 247 2648 inte11i‹
240 2610 337 2635 imus
352 2599 398 2634 de
414 2610 434 2634 i
439 2599 567 2635 ocibiis
582 2599 782 2636 articulatis
798 2601 834 2636 ὃ(
849 2599 950 2635 tonis
965 2596 1205 2633 harmonicis.

146 2656 328 2693 VERUM
351 2665 516 2689 omnino
531 2654 577 2690 dc
600 2653 668 2690 hac
683 2666 721 2690 re
748 2654 947 2699 (videlicet,
976 2664 1090 2700 quam
1111 2651 1334 2687 relationem
1350 2650 1388 2685 δε
1402 2647 1696 2700 coi-responden

89 2711 183 2746 tiam
206 2708 337 2745 habeat
363 2707 473 2744 soniis
489 2709 532 2744 ad
557 2717 707 2746 m'otum
727 2709 887 2745 localem
913 2705 1018 2756 acris)
1036 2707 1245 2754 inquiratur
1260 2704 1498 2753 diligentius3
1530 2715 1609 2739 non
1629 2714 1694 2754 pet

91 2765 203 2810 viam,
241 2775 380 2808 utrum,
413 2763 529 2810 (quod
555 2775 671 2812 genus
691 2762 912 2812 quaestionis
935 2763 975 2798 in
1000 2760 1214 2806 hujusmodi
1236 2760 1345 2796 rebus
1366 2760 1496 2795 onmia
1516 2759 1691 2818 perdidit)

92 2820 154 2856 led
168 2831 233 2870 pei·
248 2821 359 2864 viam,
381 2830 585 2865 quatenus:
607 2818 718 2866 idque
735 2830 816 2855 non
832 2829 916 2870 pei·
907 2826 1127 2866 argumenta
1140 2812 1342 2861 diffini-siva,
1371 2813 1433 2850 sed.
1447 2825 1512 2863 pei·
1530 2810 1691 2864 apposita

95 2875 361 2926 experimenta,
392 2877 429 2909 ὃς
446 2871 632 2910 instantias
647 2874 777 2910 crucis.

95 2964 169 3003 <De
183 2977 336 3004 commu
328 2978 427 3003 nea
420 2967 520 3004 jone
534 2962 812 3018 αένίςρθνειιβῖ
824 2961 870 3007 όν
886 2962 935 3002 el
926 2960 968 3013 st
978 2976 1062 3002 cnm
1072 2963 1161 3002 ae're
1177 2959 1224 3006 ὅγ’
1240 2960 1456 3016 corporibus
1469 2958 1539 3000 vel
1538 2958 1694 3012 sp⁷r1t1

621 3019 690 3059 bus
713 3019 876 3073 isosorum
905 3014 1171 3057 ambientibus.

148 3095 203 3131 IN
225 3091 459 3146 percussione
484 3106 696 3145 campanae,
728 3093 838 3131 sonus
862 3095 982 3132 editus
1003 3106 1067 3144 per
1090 3090 1367 3145 percuffionem
1383 3102 1585 3143 campanae
1607 3101 1696 3126 cum

97 3151 238 3187 malleo
258 3149 303 3186 ab
323 3160 423 3186 extra
443 3152 478 3186 ὃ(
498 3162 585 3186 cum
609 3151 766 3187 embolo
787 3148 854 3186 ad
847 3160 944 3186 intra
969 3149 1133 3195 ejusdem
1154 3148 1203 3186 cst
1227 3150 1323 3186 toni.
1381 3147 1495 3183 Adeo
1522 3156 1562 3182 ut
1586 3145 1698 3181 soniis

95 3203 260 3242 redditus
284 3216 348 3254 per
367 3201 644 3253 percussionem
659 3206 707 3242 ab
718 3216 829 3253 extra,
859 3216 939 3242 uon
955 3201 1099 3257 possit
1091 3206 1258 3252 generari
1277 3215 1342 3253 per
1359 3198 1593 3240 collisionem
1610 3197 1703 3234 ae'iis

149 3260 184 3298 V
189 3270 259 3296 OL.
294 3260 338 3295 ll.
861 3259 895 3296 C
913 3271 934 3296 c,
1601 3255 1656 3289 itn
1661 3265 1680 3289 e
1685 3265 1700 3287 r

1739 302 1832 348 {zoi
