1973 3570
0 0 22 231 *1*OE

435 258 937 324 INQUISITIO
987 258 1090 306 DE
1148 257 1403 310 MOTU.

147 359 183 399 R
195 374 219 399 A
229 373 252 400 c
261 371 283 398 E
293 371 327 398 M
338 372 351 398 1
368 358 438 399 five
453 359 576 398 charta
590 359 761 397 historiae
775 358 966 398 ordinatae
979 359 1024 398 ad
1040 361 1240 399 articulum
1256 362 1446 409 quintum.

147 417 184 453 D
196 428 217 454 Ε
234 416 427 454 curriculis
442 413 512 452 five
525 415 726 464 clepsydris
747 425 887 453 motus.

147 472 184 509 R
193 483 217 509 A
230 484 252 509 c
262 483 283 508 r:
292 482 327 508 M
337 482 351 508 1
372 468 442 507 five
456 470 580 507 charta
600 469 770 507 historiae
786 470 981 508 ordinatae
996 469 1041 508 ad
1055 472 1259 509 articulum
1273 469 1427 510 sextum.

147 525 183 563 D
194 537 218 563 Ε
233 527 326 564 orbe
342 527 491 563 virtutis
507 535 646 562 motus.

147 581 217 619 RA
227 592 280 619 ca
289 592 324 617 M
333 592 346 618 1
367 578 438 618 live
453 580 578 617 charta
592 579 763 617 historiae
782 579 975 618 ordinatae
989 579 1036 618 ad
1049 581 1250 618 articulum
1266 580 1478 632 septimum.

146 635 218 673 DE
237 635 441 673 hierarchia
460 644 601 671 motus.

145 691 323 729 RAeEM
333 702 346 727 1
364 688 433 727 sive
453 688 577 726 charta
592 687 762 726 historiae
782 686 974 727 ordinatae
989 689 1034 726 ad
1050 691 1252 728 articulum
1267 691 1453 730 ostamm.

144 745 182 782 D
194 757 218 783 Ε
235 744 471 783 societatibus
488 754 626 781 motus.

144 801 216 838 RA
229 812 251 838 c
261 811 325 837 EM
336 811 349 836 1
366 797 436 836 live
454 798 578 835 charta
593 796 759 836 historiae
779 798 972 837 ordinatae
987 799 1032 836 ad
1047 800 1248 837 articulum
1262 812 1425 838 nonum.

142 855 180 892 D
190 866 214 892 Ε
234 851 477 892 affinitatibus
492 864 633 891 motus.

139 910 209 948 RA
218 921 272 948 οε
282 920 316 946 Μ
325 921 340 946 1
356 907 426 946 five
439 908 564 946 charta
583 908 755 946 historiae
775 908 969 947 ordinatae
983 908 1030 946 ad
1043 910 1244 947 articulum
1257 910 1460 949 decimum.

141 963 211 1002 Da
226 965 364 1003 viribus
379 962 528 1002 unionis
543 965 583 1000 in
599 973 720 1000 motu.

138 1020 176 1057 R
186 1031 209 1056 A
220 1031 272 1058 cr:
282 1030 316 1056 M
325 1031 339 1057 1
356 1017 425 1057 sive
441 1019 565 1056 charta
585 1017 755 1056 historiae
775 1018 970 1056 ordinatae
983 1019 1028 1055 ad
1045 1019 1246 1057 articulum
1260 1020 1517 1059 undecimum.

139 1075 176 1111 D
188 1086 210 1112 E
225 1075 363 1112 viribus
383 1072 662 1111 consuetudinis
679 1075 715 1109 ὅ(
730 1071 905 1110 novitatis
921 1075 960 1111 in
976 1084 1100 1111 motu.

140 1131 211 1168 RA
221 1141 244 1167 c
253 1141 274 1166 E
284 1140 318 1166 M
327 1141 341 1166 1
358 1127 427 1167 five
442 1129 566 1165 charta
582 1126 752 1165 historiae
767 1128 962 1164 ordinatae
976 1128 1022 1165 ad
1038 1129 1241 1167 articulum
1254 1129 1541 1169 duodecimum.

101 1230 104 1231 ⁷
141 1185 211 1221 DE
227 1185 307 1221 aliis
326 1183 504 1221 omnibus
519 1193 657 1220 motus.
1676 1189 1691 1222 A

140 1240 165 1276 S
175 1250 199 1275 Υ
207 1250 233 1276 L
241 1250 266 1275 L
275 1251 300 1276 A
311 1251 333 1276 B
342 1250 366 1275 A
377 1249 399 1274 E
415 1236 485 1274 {ive
499 1236 624 1274 charta
639 1235 860 1274 anatomiae.

138 1294 176 1332 V
184 1304 207 1329 Ε
215 1304 244 1330 N
253 1304 279 1330 A
301 1293 427 1330 reliCta
442 1291 504 1329 seu
519 1291 643 1328 charta
663 1289 853 1329 divisionis
868 1289 1061 1329 secundae.

135 1347 174 1384 A
183 1359 208 1384 x
217 1359 232 1385 1
240 1360 265 1385 o
273 1359 308 1384 M
318 1359 343 1384 A
360 1348 530 1393 exterius,
559 1344 629 1383 five
649 1347 774 1384 charta
789 1345 1072 1384 observationis.
1188 1394 1191 1397 Δ

138 1403 174 1439 C
183 1413 358 1440 OLUMN
368 1414 393 1439 A
403 1414 426 1439 r.
440 1400 511 1439 five
525 1401 650 1438 charta
664 1398 904 1454 impossibilis
918 1402 1140 1454 apparentis,
1167 1399 1239 1441 five
1252 1402 1416 1441 humana
1430 1402 1607 1456 optativa.

136 1458 265 1495 Foru
274 1469 326 1495 us
341 1455 413 1495 sive
427 1457 552 1494 charta
567 1456 649 1493 usus
665 1457 951 1494 intervenientis
964 1455 1036 1495 five
1049 1457 1213 1495 humana
1232 1458 1359 1498 activa.

134 1512 174 1550 A
182 1524 211 1550 N
223 1524 247 1549 τ
257 1524 272 1550 1
282 1525 304 1550 c
314 1524 327 1550 1
336 1524 357 1549 P
366 1524 391 1549 A
401 1524 425 1548 τ
437 1523 451 1549 1
461 1524 486 1549 o
500 1509 570 1548 five
590 1511 717 1549 charta
732 1513 1052 1560 interpretationis
1072 1511 1263 1561 sylvestris.-

135 1568 234 1605 Pon
245 1579 262 1604 s
282 1565 352 1605 five
367 1567 492 1605 charta
512 1566 558 1603 ad
578 1567 718 1604 chartas
733 1567 914 1604 novellas.

137 1623 383 1660 MACHINA
406 1622 617 1659 intellectus
641 1621 829 1673 superior;
866 1619 938 1660 sive
962 1620 1108 1672 sequela
1126 1620 1340 1662 chartarum
1362 1622 1409 1661 ad
1428 1620 1685 1676 apparentiam

84 1677 295 1717 secundam.

136 1733 207 1771 CH
217 1742 382 1770 ARTAE
397 1732 582 1770 novellae.

131 1842 308 1894 ArQJE
329 1842 543 1892 exemplum
561 1832 812 1891 inquisitionis
830 1835 877 1879 de
901 1848 1031 1880 natura
1057 1843 1112 1890 (ut
1135 1835 1261 1881 videre
1278 1841 1339 1891 est)
1362 1834 1600 1888 absolvimuS,
1628 1840 1684 1879 id-

79 1909 154 1946 que
178 1898 218 1934 in
240 1897 404 1943 subjecto
423 1898 599 1934 omnium
620 1898 782 1934 maxime
801 1899 924 1949 capaci
944 1900 981 1935 ὃ(
1009 1897 1170 1939 diffus03
1197 1909 1314 1946 eaque
1333 1897 1470 1944 forma,
1497 1908 1611 1946 quam
1630 1897 1684 1942 ju⁴

78 1952 246 1990 dicamus
277 1964 365 1989 cum
393 1953 547 1989 veritate
578 1954 615 1989 ὅ(
645 1951 838 1989 ἰητεΠεξὶυ.
868 1951 1060 1990 summum
1089 1952 1314 1990 consensum
1343 1952 1489 1990 habere.
1545 1953 1685 1999 Neque

77 2016 207 2044 tamen
234 2019 342 2044 more
371 2007 467 2058 apud
496 2007 672 2044 homines
699 2018 851 2057 recepto
878 2006 1066 2045 formulae
1093 2008 1206 2046 alicui
1232 2003 1489 2045 neceffitatem
1517 2007 1684 2056 imponi⁶>

76 2073 185 2099 mus:
223 2072 402 2110 tanquam
431 2063 540 2099 unica
568 2061 667 2108 efl'et,
705 2063 742 2099 ὃ(
766 2062 874 2099 instar
894 2064 981 2100 artis
1005 2060 1133 2114 ipsius:
1173 2063 1247 2100 Sed
1272 2071 1372 2100 certe
1397 2059 1576 2099 omnibus
1600 2072 1682 2110 per-

75 2118 241 2164 tentatis,
270 2129 313 2154 ex
336 2118 457 2167 longo
481 2115 559 2163 usu,
590 2119 626 2154 &
647 2117 851 2164 nonnullo,
888 2127 931 2155 ut
950 2127 1136 2169 putamus,
1165 2116 1317 2165 judicio,
1353 2117 1451 2154 hanc
1470 2115 1587 2168 ipsam
1605 2118 1682 2152 for-

75 2183 180 2209 mam
194 2170 265 2209 five
281 2172 468 2209 rationem
484 2171 708 2223 disponendi
728 2173 926 2209 materiam
946 2184 1084 2220 rerum,
1113 2172 1159 2209 ad
1173 2184 1267 2223 opus
1287 2172 1514 2217 intellectus,
1541 2179 1583 2207 ut
1597 2180 1683 2219 pro-

76 2225 202 2264 batam
229 2229 268 2265 &
294 2227 451 2263 electam
479 2225 707 2263 exhibemus.
761 2226 873 2264 Nihil
898 2237 1024 2265 autem
1048 2224 1181 2274 officit,
1217 2228 1424 2276 quominus
1450 2226 1478 2262 ii
1504 2225 1571 2273 qui
1596 2224 1683 2260 otio

76 2281 193 2331 magis
216 2281 419 2328 abundant,
448 2291 509 2318 aut
534 2293 554 2318 a
576 2277 858 2318 difficultatibus
882 2294 972 2330 quas
986 2283 1113 2333 primo
1133 2283 1389 2331 experientem
1412 2279 1515 2327 sequi
1538 2277 1682 2316 necesse

78 2334 140 2383 est,
169 2337 276 2373 liberi
297 2336 371 2381 jam
397 2347 519 2383 erunt,
547 2346 589 2373 ut
613 2336 766 2380 majoris
790 2337 906 2372 etiam
929 2338 967 2373 &
986 2337 1129 2372 altioris
1149 2335 1234 2373 sunt
1256 2335 1414 2383 ingenii,
1444 2344 1525 2370 rem
1549 2334 1590 2370 in
1612 2343 1680 2383 po-

74 2391 149 2428 tius
175 2391 392 2443 perducant.
449 2392 552 2429 Nam
582 2393 618 2428 &
643 2388 707 2440 ipsi
731 2390 934 2437 statuimus,
963 2399 1082 2426 artem
1111 2390 1330 2427 inveniendi
1356 2387 1567 2426 adolescere
1591 2398 1682 2425 cum

76 2447 261 2486 inventis;
303 2457 425 2493 neque
449 2445 494 2482 ad
518 2443 659 2493 aliquid
683 2446 891 2482 immotum
917 2447 955 2482 ὅ(
981 2444 1198 2482 inviolabile
1224 2443 1443 2482 inveniendi
1467 2441 1682 2490 artificium,

74 2500 279 2538 hominum
303 2500 519 2537 industriam
535 2503 571 2537 ὅ(
591 2500 811 2537 felicitatem
831 2497 1124 2549 astringendam:
1153 2499 1262 2536 Artis
1281 2500 1385 2536 enim
1407 2497 1680 2550 perfeffionem

74 2556 163 2593 artis
192 2554 300 2593 usum
329 2554 521 2601 remorari,
559 2555 653 2592 nihil
683 2552 733 2591 est
759 2554 912 2591 necess'e.
967 2554 1084 2605 Quod
1111 2563 1238 2592 autem
1265 2554 1365 2591 viam
1395 2564 1537 2590 novam
1564 2551 1681 2589 scien-

74 2612 167 2649 tiam
190 2610 354 2647 doeendi
373 2611 410 2647 &
432 2609 604 2646 tradendi
625 2605 775 2658 ingressi
793 2608 931 2656 sumus,
951 2609 1055 2657 quod
1077 2608 1289 2646 dostrinam
1309 2610 1346 2646 δ(
1365 2616 1558 2659 praecepta
1580 2603 1681 2656 quast

74 2674 361 2716 praetereunteS,
390 2665 428 2702 δ(
452 2664 552 2701 aliud
577 2673 726 2712 agentes
745 2663 973 2703 distulimus;
1005 2673 1115 2712 atque
1137 2664 1179 2700 in
1199 2664 1374 2715 exemplo
1392 2663 1589 2714 praecipue
1608 2662 1679 2698 ela»

76 2718 309 2758 boravimus:
338 2719 412 2756 hoc
437 2717 581 2755 summa
600 2719 747 2755 ratione
773 2730 844 2755 nos
859 2717 980 2755 fecisse
1003 2718 1238 2756 arbitramur.
1293 2719 1432 2767 Neque
1452 2716 1537 2755 sane
1556 2716 1679 2754 homi-

74 2786 141 2813 nes
163 2776 277 2811 latere
304 2775 491 2819 volumus,
528 2772 619 2821 quid
643 2774 684 2810 in
706 2772 775 2810 hac
798 2785 838 2809 re
861 2771 975 2810 secuti
998 2771 1143 2810 sumus:
1181 2784 1270 2812 nam
1291 2774 1467 2811 obtinere
1489 2773 1531 2809 in
1554 2771 1678 2808 homi-

77 2841 171 2866 num
191 2830 375 2878 aequitate
398 2826 558 2878 positum
579 2827 639 2874 est,
668 2829 727 2864 vel
748 2826 872 2877 potius
892 2828 930 2863 in
951 2826 1105 2865 fortuna
1119 2829 1331 2865 communi.
1386 2830 1466 2866 Res
1488 2827 1593 2863 enim
1612 2825 1678 2861 hu-

75 2885 179 2921 mani
200 2885 348 2933 generis
363 2882 493 2933 agitur,
521 2894 603 2919 non
624 2882 754 2919 nostra.
811 2883 982 2920 Primum
997 2882 1073 2920 hoc
1091 2882 1263 2921 videmur
1277 2881 1411 2932 adepti,
1439 2880 1545 2930 quod
1564 2879 1677 2915 maxi-

77 2949 184 2974 mum
208 2938 268 2984 est,
306 2948 347 2976 ut
369 2939 479 2988 plane
499 2938 764 2985 intelligamur.
821 2937 955 2985 Longe
976 2939 1082 2974 enim
1103 2936 1205 2974 aliud
1227 2936 1277 2974 est
1299 2935 1450 2987 lingulis
1472 2933 1676 2984 praeceptis

77 2994 245 3041 exempla
265 2988 500 3030 subnectere:
536 2992 650 3037 aliud,
680 2989 838 3028 universi
866 2992 990 3043 operis
1009 2991 1168 3041 figuram
1192 2991 1394 3044 perfeetam
1414 2993 1452 3027 ὅ(
1470 2985 1571 3037 quafi
1590 2988 1677 3025 soli·

77 3048 166 3084 dam
192 3047 399 3085 construere
430 3049 468 3084 ὅ(
497 3046 781 3098 repraesentare.
835 3045 991 3083 Etenim
1018 3048 1060 3083 in
1086 3046 1369 3093 mathematicis,
1410 3041 1573 3081 adstante
1599 3053 1676 3079 ma·

77 3101 188 3139 china
212 3111 274 3138 aut
293 3101 442 3149 fabrica,
471 3101 635 3151 sequitur
655 3099 925 3138 demonstratio
947 3099 1062 3139 facilis
1076 3103 1113 3140 ὅ(
1132 3100 1344 3151 perspicua:
1374 3099 1435 3136 sed
1449 3096 1588 3146 absque
1607 3095 1676 3133 hae

75 3155 363 3204 commoditate,
391 3158 522 3203 omnia
547 3157 722 3194 videntur
746 3155 929 3202 involuta,
965 3157 1015 3204 δε,
1047 3168 1162 3205 quam
1188 3167 1317 3195 revera
1342 3153 1440 3200 sunt,
1467 3152 1674 3242 subtiliora.

132 3210 299 3250 v01..11.
822 3210 849 3246 E
867 3222 887 3246 e
922 3220 942 3246 2
1426 3211 1429 3213 “
1589 3215 1681 3253 tque

1741 284 1841 333 2¹9
