1973 3570
387 192 876 243 AUTHORIS
925 194 1389 248 MONITUM.
1777 224 1837 258 21

293 400 1484 485 TITULI

97 591 731 649 HISTORIARUM
788 604 888 644 ET
946 587 1668 663 INQUISITIONUM

331 782 400 838 In
429 776 633 860 primos
661 777 755 838 sex
783 777 989 838 menses
1018 779 1424 848 destinatarum.

197 979 245 1018 IS
253 980 288 1017 T
297 979 334 1017 O
343 979 380 1017 R
387 976 402 1013 I
410 977 448 1015 A
477 983 694 1015 ventorum.

219 1037 254 1074 H
265 1047 279 1073 1
287 1047 304 1073 s
314 1047 337 1076 1·
346 1046 372 1072 o
380 1046 408 1071 R
418 1045 433 1071 1
442 1046 470 1071 Α
493 1027 597 1067 denfi
625 1034 662 1070 ὅ(
683 1031 770 1079 rari,
806 1043 964 1071 necnon
985 1030 1168 1073 coitionis
1191 1035 1230 1072 δε
1258 1033 1492 1086 expansionis
1510 1038 1688 1080 materiae

275 1103 342 1142 per
356 1090 481 1139 spatia.

67 1149 106 1188 H
115 1158 130 1185 1
138 1159 156 1184 s
165 1158 189 1184 T
197 1159 223 1185 o
232 1159 260 1185 R
270 1158 285 1184 1
294 1159 321 1184 A
343 1146 465 1195 gravis
484 1146 523 1182 ὅ(
544 1144 646 1183 levis.

19 1212 22 1215 ’
67 1203 106 1241 Η
115 1214 156 1239 Is
166 1213 223 1240 To
231 1215 260 1240 R
270 1214 284 1239 1
293 1214 320 1239 A
344 1199 573 1251 sympathiae
596 1202 634 1238 ὃς
658 1199 888 1249 antipathiae
911 1212 1050 1239 rerum.

67 1259 105 1296 H
114 1268 155 1295 Is
163 1269 187 1295 T
195 1269 222 1295 o
230 1270 258 1295 R
268 1269 283 1295 1
292 1270 319 1295 A
346 1256 543 1306 sulphuris,
573 1258 753 1294 mercurii
769 1257 807 1294 ὃ(
822 1255 917 1294 salis.

67 1308 105 1353 H
114 1324 155 1351 18
165 1324 189 1350 T
197 1324 260 1352 oR
269 1324 284 1350 1
293 1325 321 1351 A
343 1314 441 1351 vitae
462 1314 500 1350 δε
519 1312 670 1350 mortis.

114 1660 1638 1759 HISTORIA

239 1862 654 1945 Naturalis
697 1863 784 1947 δε
817 1865 1489 1970 Experimentalis

80 2093 88 2144 j
149 2062 266 2120 AD
317 2062 855 2121 CONDENDAM
901 2063 1598 2122 PHILosoPHIAM:

785 2239 986 2281 SIVE,

78 2389 943 2451 PHAENOMENA
1023 2389 1669 2449 UNIVERSI:

196 2563 331 2627 Qae
372 2557 454 2619 est,
491 2560 967 2607 INsTAURATmNIs
1008 2575 1236 2606 MAGNAE
1281 2575 1377 2625 pars
1417 2560 1560 2607 tertia.

294 2743 466 2782 ONEN
474 2743 535 2780 DI
562 2743 695 2791 utique
726 2740 812 2780 sunt
835 2740 1022 2788 homines,
1059 2743 1098 2779 &
1119 2754 1185 2792 pei·
1213 2741 1385 2780 fortunas
1413 2742 1494 2780 suas
1521 2742 1683 2793 rogandi

319 2809 432 2848 atque
456 2797 689 2846 obsecrandi,
718 2808 759 2835 ut
783 2798 931 2835 animos
955 2796 1178 2836 submittant
1201 2800 1238 2836 ὅ(
1261 2798 1433 2836 scientias
1461 2799 1503 2834 in
1530 2798 1683 2836 mundo

320 2856 466 2901 majore
489 2864 694 2903 quaerant:
732 2854 942 2902 quinetiam
969 2854 1017 2891 de
1048 2852 1287 2904 philosophia
1315 2855 1375 2893 vel
1402 2855 1682 2903 cogitationem

320 2910 510 2957 abjiciant,
538 2910 598 2948 vel
621 2909 796 2947 modicos
818 2907 949 2946 saltem
972 2911 1010 2946 ὃ(
1031 2919 1165 2947 tenues
1192 2910 1333 2947 fructus
1362 2922 1405 2946 ex
1428 2910 1493 2946 ina
1519 2907 1682 2959 sperent,

68 2963 184 3013 usque
208 2964 301 3002 dum
316 2964 467 3004 historia
483 2965 665 3003 naturalis
687 2968 724 3003 ὃς
744 2966 1057 3014 experimentalis‚
1085 2965 1247 3015 diligens
1269 2967 1307 3002 ὅ(
1329 2965 1498 3015 probata,
1529 2976 1681 3013 compa—

70 3028 147 3056 rata
169 3018 212 3057 fit
235 3023 274 3058 δε
295 3021 478 3059 confecta.
534 3021 639 3074 Quid
662 3023 767 3059 enim
787 3017 852 3058 fibi
874 3022 1010 3060 volunt
1037 3020 1100 3058 ista
1123 3019 1306 3058 cerebella
1323 3021 1530 3058 hominum
1554 3022 1591 3057 ὅ(
1615 3030 1681 3067 po-

69 3083 193 3112 tentes
216 3078 360 3127 nugae?
395 3078 561 3116 Fuerunt
584 3076 682 3129 apud.
710 3076 888 3127 antiquos
915 3077 1049 3129 placita
1072 3076 1390 3128 philosophorum
1412 3076 1520 3116 valde
1546 3085 1680 3164 ”LUPC‘

1566 3140 1611 3165 ro
1629 3139 1648 3164 a
1674 3139 1685 3168 ὲ
