1973 3570
268 263 359 310 DE
403 265 1136 313 INTERPRETATIONE
1178 267 1549 314 NATURAE.

105 363 252 400 tionem
269 360 350 406 cffc,
380 361 483 408 quod
502 362 654 398 illorum
673 363 873 413 opiniones
889 374 953 413 per
978 361 1229 400 internuntios
1244 363 1438 412 quosdam,
1468 366 1502 401 ἃ
1521 365 1644 412 ramas,
1675 367 1711 403 δε

98 417 311 465 fragmenta
323 415 568 452 solummodo
584 416 803 457 habeamus5
832 426 944 464 atque
968 415 1106 453 idcirco
1123 419 1265 459 majore
1293 418 1545 466 inquiliiione,
1574 432 1615 456 ae
1637 432 1708 457 nia-

100 473 182 517 )orc
198 472 310 507 etiam
332 470 459 514 jiid'icii
476 472 689 519 integritate
720 471 830 520 (quae
855 471 962 508 sortis
983 473 1222 519 iniquitatem
1239 473 1353 520 leret)
1384 487 1477 523 opus
1499 475 1578 510 elie.
1638 476 1709 512 Sed

95 536 229 564 tamen
255 537 344 562 cum
367 525 512 562 lumina
540 524 730 574 diligentia
749 538 790 562 ac
819 538 917 572 cura,
947 538 1106 562 omnem
1135 528 1182 563 de
1210 527 1280 564 illis
1310 528 1552 577 opinionibus
1581 541 1708 566 autam

100 579 277 632 captasse-3
308 589 350 616 ut
379 578 559 628 quidquid
590 579 734 626 dcillis,
763 582 821 617 vel
847 581 939 617 dum
959 581 1005 617 ab
1020 578 1231 630 Aristotele
1250 584 1507 628 confutantur,
1540 584 1595 620 vel
1617 584 1709 620 dnxn

101 648 121 672 a
138 633 312 674 ‘Platone
327 636 384 672 vel
401 633 579 671 Cjcerone
603 637 785 672 citantur:
816 637 874 672 vel
903 634 941 671 in
959 633 1175 673 Plutarchi
1197 636 1382 683 fasciculo,
1414 639 1466 674 vel
1491 640 1528 674 in
1549 637 1709 675 Laertz'i

103 689 198 736 vitis,
227 691 285 726 vel
302 688 339 726 in
364 687 544 727 Lucretii
562 692 748 740 poemate,
777 690 836 727 vcl
856 689 991 727 alicubi
1015 693 1053 727 in
1075 693 1202 739 quavis
1229 693 1300 728 alia
1324 692 1437 741 lpariii
1461 695 1645 730 memoria
1673 696 1709 731 ὃς

98 744 296 782 mentione
313 743 473 781 inveniri
487 741 613 795 poliit,
643 745 835 782 evolvisse:
866 748 902 782 δε
918 757 1004 782 eum
1021 745 1093 782 fide
1118 748 1154 784 &-
1172 747 1312 790 jndicio
1327 749 1464 784 librato
1479 748 1707 784 examinall'e.

98 800 160 836 Ac
176 800 303 849 primo
324 798 407 835 sane
428 799 586 836 dubium
611 812 691 836 non
716 800 796 846 effe,
826 802 919 846 quin
939 798 963 837 fi
988 800 1183 851 opiniones
1214 814 1347 838 corum
1386 801 1424 839 in
1453 805 1613 853 propriis
1652 816 1707 839 ex-

99 853 233 892 starent
249 853 434 903 operibus,
465 855 648 899 majorem
669 854 946 892 firmitudinem
962 855 1153 893 habiturae
1174 857 1333 903 fuissent,
1364 869 1449 893 cum
1478 857 1707 894 theoriaruni

101 911 196 946 'vires
224 907 263 946 in
285 919 368 960 apta
385 910 419 944 δε
437 907 471 945 se
492 920 629 946 mutuo
651 909 848 946 sustinente
863 911 1024 961 partium
1046 911 1251 957 harmonia,
1283 915 1318 947 δε
1335 913 1493 960 quadam
1516 914 1555 949 in
1571 913 1705 949 orbem

99 962 420 1002 demonstratione
439 962 645 1010 consistant,
676 965 839 1013 ideoque
859 977 922 1013 per
945 977 1064 1013 partes
1093 966 1248 1003 traditae
1272 967 1442 1004 infirmae
1470 965 1559 1004 lint:
1590 980 1704 1015 quare

91 1032 180 1056 ⁴non
197 1020 451 1070 contemptim
483 1019 530 1055 de
553 1018 621 1056 illis
641 1019 818 1065 judicium
849 1018 979 1057 secuse.
1037 1020 1221 1072 Reperiss'e
1237 1021 1348 1058 etiam
1366 1023 1461 1058 inter
1479 1020 1608 1073 placita
1625 1033 1703 1058 tam

101 1072 209 1120 varia,
237 1073 334 1110 haud
354 1086 467 1123 pauca
481 1072 519 1110 in
536 1074 794 1111 observatione
809 1085 972 1121 natutae,
1002 1077 1038 1112 &
1061 1075 1252 1112 causarum
1269 1073 1515 1125 aflignatione
1539 1089 1618 1113 non
1648 1078 1704 1114 in-

101 1128 299 1178 diligenter
328 1139 481 1168 notatas
509 1131 601 1165 alios
625 1140 752 1166 autem
778 1128 818 1165 in
838 1127 914 1165 aliis
945 1130 999 1174 (ut
1027 1129 1105 1166 fere
1132 1130 1210 1166 fieri
1240 1130 1346 1177 solet)
1379 1131 1563 1168 feliciores
1585 1130 1699 1168 fuiss'e.

101 1183 392 1221 Tantummodo
408 1181 659 1235 Pythagorae
685 1185 837 1220 inventa
860 1185 896 1219 ὃς
925 1185 1058 1234 placita
1094 1184 1197 1231 (licet
1238 1187 1385 1221 numeri
1414 1187 1491 1229 ejus
1525 1184 1703 1234 quiddam

101 1237 293 1288 physicum
322 1237 493 1285 innuant)
534 1239 620 1274 talia
652 1240 795 1283 majore
823 1251 865 1275 ex
893 1248 997 1288 parte
1024 1237 1138 1285 fuiss‘e,
1181 1252 1274 1286 quae
1303 1240 1348 1276 acl
1378 1240 1550 1277 ordinem
1579 1241 1704 1291 potius

101 1293 290 1343 quendam
311 1292 574 1341 religiosorum
597 1293 845 1339 fundandum,
875 1305 988 1344 quam
1015 1294 1059 1330 ad
1078 1293 1242 1331 scholam
1272 1296 1311 1331 in
1334 1294 1566 1344 philolophia
1592 1293 1706 1343 aperi-

102 1349 240 1386 endam
259 1349 513 1399 pertinerent3
542 1348 645 1396 quod
663 1351 698 1385 ὃς
725 1358 878 1386 eventus
907 1349 1180 1400 comprobavit.
1236 1351 1339 1385 Nam
1366 1350 1522 1386 eandem
1547 1350 1704 1398 discipli-

102 1416 193 1441 nam
207 1404 289 1454 plus
316 1401 355 1439 in
375 1400 511 1439 haeresi
531 1400 850 1440 [Manichaeorum
873 1405 910 1440 δε
929 1402 1185 1454 superstitione
1203 1401 1439 1451 ilhzhznneti‚
1468 1417 1582 1452 quam
1610 1404 1707 1453 apud

102 1457 348 1511 philosophos
363 1457 521 1495 valuisse.
577 1459 762 1506 Reliquos
781 1470 872 1494 vero
898 1456 1065 1507 phyficos
1081 1470 1181 1496 certe
1200 1458 1322 1496 fuisse:
1351 1470 1460 1510 atque
1489 1472 1531 1496 ex
1556 1458 1594 1495 iis
1609 1472 1705 1496 non-

105 1515 242 1560 nullos,
271 1511 334 1561 qui
348 1509 559 1561 Aristotele
587 1514 701 1562 longe
727 1516 764 1550 ὃς
797 1514 904 1550 altius
933 1515 970 1549 ὃ(
997 1513 1136 1550 acutius
1155 1516 1195 1550 in
1219 1523 1392 1550 naturam
1421 1516 1706 1563 penetraverint.

105 1570 237 1617 Atque
252 1565 360 1605 illum
382 1564 518 1604 seilicet
529 1567 850 1605 Ottomasmormn
864 1579 972 1604 more
996 1569 1037 1604 in
1058 1567 1226 1605 fratribus
1241 1568 1467 1606 trucidandis
1483 1579 1709 1621 occupatum

96 1623 232 1665 ‚fuiffe3
259 1622 364 1672 quod
387 1625 424 1660 δε
451 1624 485 1659 ei
515 1635 557 1659 ex
572 1633 666 1660 voto
690 1619 869 1661 succeffit.
924 1624 1071 1660 Verum
1086 1626 1122 1660 ὃς
1137 1624 1183 1660 de
1198 1620 1420 1672 Aristotele,
1451 1626 1486 1660 ὃς
1501 1624 1547 1660 de
1560 1622 1707 1672 reliquis

96 1677 178 1718 ,istis
189 1676 364 1718 Graeciss
395 1690 475 1714 non
496 1674 673 1726 diflimile
700 1677 879 1724 judicium
908 1676 1008 1724 fecit,
1039 1677 1107 1715 ess'e
1130 1677 1309 1715 nimirum
1328 1678 1544 1723 hujusmodi
1576 1677 1709 1730 placita

99 1746 150 1774 >ac
173 1733 345 1779 theorias,
375 1733 490 1770 veluti
513 1732 653 1770 diversa
686 1732 910 1770 diversarum
938 1733 1147 1769 fabularum
1180 1735 1220 1769 in
1242 1733 1390 1770 theatro
1410 1744 1640 1783 argumenta,
1671 1732 1711 1770 in

107 1788 296 1838 quandam
322 1785 698 1835 verisimilitudinem->
719 1790 797 1827 ‚alia
825 1789 1042 1837 elegantius,
1071 1787 1138 1824 alia
1166 1788 1428 1837 negligentius,
1471 1799 1532 1825 aut
1561 1785 1711 1825 crassius

110 1842 291 1885 confiem
321 1851 431 1890 atque
455 1843 588 1880 habere
624 1843 728 1892 quod
764 1843 976 1881 fabularum
998 1842 1192 1894 proprium
1207 1842 1267 1889 est,
1305 1852 1346 1880 ut
1374 1843 1468 1880 veris
1495 1842 1711 1880 narrationi-

110 1900 179 1936 bus
206 1894 454 1935 coneinniota
477 1900 514 1934 ὃς
540 1897 806 1936 commodiora
824 1899 1030 1935 videantur.
1087 1900 1224 1946 Neque
1239 1900 1279 1935 in
1295 1898 1367 1935 istis
1382 1909 1528 1935 tantum
1546 1896 1715 1935 exhibitis

111 1957 148 1992 ὅ(
162 1951 353 2004 publicatis
369 1951 534 1998 theoriis,
562 1953 719 1991 humani
748 1951 888 2003 ingenii
917 1954 1233 2003 peregrinationes
1248 1956 1284 1990 ὃς
1300 1966 1443 1991 errores
1460 1953 1494 1989 sc
1515 1952 1629 1990 sistere
1649 1963 1712 1989 aut

100 2008 209 2055 *finiri
230 2006 396 2057 potuiffe.
453 2005 536 2045 Nisi
564 2009 669 2046 enim
699 2020 823 2046 mores
852 2008 1056 2045 hominum
1086 2011 1123 2045 ὅ(
1151 2007 1300 2045 affectus
1325 2011 1361 2045 ὃ(
1389 2021 1513 2046 rerum
1541 2008 1714 2046 civilium

113 2061 376 2101 inclinationes
398 2061 625 2110 hujusmodi,
666 2063 891 2102 novitatibus
917 2062 1048 2114 (ctiam
1071 2065 1111 2100 in
1134 2064 1448 2113 contemplativis)
1480 2062 1646 2101 adversae
1676 2064 1715 2098 ὃς

112 2117 279 2156 infensae
305 2117 512 2164 extitissent,
540 2118 700 2156 dubium
727 2117 887 2156 minime
919 2118 1000 2165 esse,
1028 2120 1120 2170 quin
1150 2120 1186 2156 &
1208 2120 1301 2155 aliae
1328 2120 1469 2155 multae
1488 2121 1527 2155 in
1557 2116 1715 2155 naturali

99 2171 346 2224 ⁴philosophia
377 2171 491 2209 sectae
534 2174 768 2211 introductae
802 2173 961 2212 fuissent.
1018 2173 1356 2225 Quemadmodum
1398 2175 1502 2210 enim
1536 2175 1576 2209 in
1607 2172 1716 2209 astro-

114 2228 289 2274 nomicis,
319 2229 356 2264 &
377 2228 419 2263 iis
442 2225 573 2275 quibus
595 2238 735 2280 terram
760 2229 873 2266 rotari
888 2230 1020 2278 placet,
1050 2231 1086 2265 ὃ(
1110 2227 1153 2265 iis
1182 2230 1247 2277 qui
1264 2240 1327 2278 per
1343 2227 1569 2265 eccentrieos
1585 2229 1620 2264 &
1645 2224 1716 2276 epi-

117 2284 242 2332 eyclos
271 2293 398 2319 motus
425 2281 635 2333 expediunt,
664 2296 810 2330 eorum,
839 2295 932 2334 quac
956 2285 995 2320 in
1020 2284 1136 2320 coelis
1162 2283 1228 2320 sub
1253 2282 1360 2319 sensu
1381 2293 1568 2331 apparent,
1597 2291 1718 2332 patro-

117 2340 228 2384 cinia,
257 2339 295 2374 &
322 2336 583 2375 advocationes
608 2351 722 2387 aeque
745 2341 782 2375 ὅ(
814 2337 988 2387 ancipites
1020 2337 1129 2378 sunt3
1158 2336 1250 2386 quin
1278 2339 1315 2372 δὲ
1347 2337 1558 2373 tabularum
1584 2337 1719 2373 calculi

119 2392 285 2440 utrisque
306 2391 551 2443 respondent:
580 2393 718 2430 eodem
740 2393 862 2430 modo
885 2396 922 2429 ὃς
945 2393 1069 2429 multo
1093 2394 1207 2429 etiam
1235 2391 1378 2429 facilius
1407 2392 1475 2428 esse
1501 2394 1540 2428 in
1561 2392 1719 2428 naturali

118 2446 355 2500 philosophia
378 2448 590 2496 complures
610 2448 1013 2496 theoriasiexcogitare,
1043 2447 1158 2495 longe
1185 2448 1284 2483 inter
1313 2445 1348 2483 se
1367 2446 1412 2483 ad
1439 2445 1600 2484 invicem
1614 2444 1720 2482 diffe-

116 2514 256 2549 rentes,
285 2501 346 2539 sed
369 2512 495 2539 tamen
517 2501 672 2552 lingulas
700 2501 765 2540 fibi
787 2503 1006 2548 constantes,
1036 2504 1072 2538 ὅ(
1104 2500 1354 2538 instantiarum
1376 2502 1599 2551 vulgarium,
1628 2513 1722 2551 quae

120 2560 163 2595 in
186 2555 370 2604 ejusmodi
393 2556 662 2608 quaestionibus
699 2557 834 2605 judicia
860 2569 1027 2594 exercere
1060 2556 1193 2602 solent,
1226 2555 1487 2605 suffragatione
1514 2558 1721 2602 abutentes,

122 2623 234 2662 atque
264 2611 304 2649 in
329 2611 470 2649 diversa
501 2612 700 2650 trahentes.
756 2615 892 2663 Neque
921 2614 1024 2648 enim
1053 2611 1217 2658 defustse,
1259 2612 1324 2659 qui
1351 2609 1475 2648 nostra
1505 2614 1541 2648 δε
1574 2622 1723 2662 patrum

124 2678 241 2705 aetate
265 2679 377 2705 novas
411 2665 664 2716 philosophiam
696 2666 870 2704 naturalis
891 2667 1044 2704 fabricas
1070 2664 1237 2704 meditati
1273 2665 1368 2703 sunt.
1425 2668 1528 2705 Nam
1545 2663 1724 2716 Telesiam

124 2721 251 2760 nostra
265 2721 449 2759 memoria
469 2721 616 2759 scenam
637 2721 898 2767 conscendisse,
928 2724 964 2757 ὃ(
987 2733 1126 2758 novam
1152 2720 1459 2770 fabulamegiss'e,
1490 2720 1606 2771 magis
1620 2733 1723 2769 argu-

125 2787 262 2823 mento
275 2777 523 2826 probabilem,
552 2789 665 2823 quam
683 2777 810 2828 plausu
825 2777 1031 2814 celebrem:
1064 2778 1099 2813 ὃς
1123 2775 1386 2813 Fracastorium
1414 2788 1494 2813 non
1516 2775 1564 2813 ita
1579 2777 1731 2825 pridcm‘

127 2834 217 2870 licet
234 2842 371 2869 novam
399 2831 533 2868 sectam
556 2843 638 2868 non
653 2831 815 2881 elegerit,
843 2842 971 2868 tamen
993 2829 1162 2868 libertate
1182 2831 1363 2877 judicii&
1385 2829 1637 2880 inquilitionis
1661 2829 1726 2865 ho-

129 2883 328 2924 nestissime
340 2886 447 2923 usum
459 2886 548 2923 effe:
579 2887 797 2924 Cardanum
810 2888 1016 2924 etiamnon
1026 2885 1150 2923 minus
1164 2885 1304 2932 ausum,
1322 2885 1582 2923 ledlevioreni.
1622 2885 1729 2935 Quin

131 2943 170 2977 ἃ
203 2953 322 2990 nuper
347 2938 564 2979 Gilbertum
597 2941 810 2988 nostratem,
848 2953 936 2978 cum
969 2951 1140 2978 naturam
1169 2942 1352 2990 magnetis
1379 2934 1661 2978 laborioiisiime
1693 2942 1730 2976 δε

132 3007 268 3044 magna
300 2994 426 3041 judicii
452 2995 684 3033 firmitudine
713 2998 750 3032 ὃς
781 2995 996 3043 constantia,
1038 3008 1190 3033 necnon
1218 2997 1560 3047 experimentorum
1591 3005 1733 3042 magno

132 3051 320 3086 comitatu
337 3052 372 3087 &
387 3050 466 3087 fere
480 3052 630 3100 agmine
646 3050 891 3102 perscrutatus
912 3050 1010 3097 ess'et,
1042 3049 1160 3087 statim
1182 3063 1303 3089 novae
1326 3049 1365 3087 in
1381 3048 1614 3099 philosophia
1630 3058 1734 3085 natu-

135 3102 200 3140 rali
217 3102 329 3141 scCtae
343 3103 541 3142 imminere
559 3105 740 3158 coepisse:
770 3118 840 3142 nec
851 3103 1100 3157 Xenophanis
1113 3118 1260 3143 nomen
1286 3105 1326 3142 in
1356 3104 1559 3140 ludibrium
1589 3102 1736 3139 versum

134 3156 321 3208 expavisse,
354 3160 393 3196 in
420 3160 523 3207 cujus
546 3159 768 3199 sententiam
799 3159 1012 3200 inclinabat.
1066 3162 1147 3200 Hos
1170 3163 1306 3210 itaque,
1334 3162 1372 3196 δε
1402 3156 1425 3194 si
1449 3155 1513 3205 qni
1543 3157 1640 3203 lunt,
1678 3169 1742 3195 aut

199 3214 309 3251 VOL.
326 3214 370 3251 11.
884 3215 928 3253 Μ
944 3227 985 3251 m
1636 3221 1746 3250 erunt

1799 285 1892 331 ²73
