1973 3570
146 195 240 256 248

346 188 449 234 DE
499 172 1341 232 INTERPRETATIONE
1394 170 1815 222 NATURAE.

287 284 439 331 culatio,
467 279 662 327 volutatio,
692 281 729 316 ὅ(
748 278 962 328 trepidatio.
1017 274 1147 323 Atque
1172 271 1314 311 etiamsi
1333 274 1415 322 quis
1444 272 1590 310 sobrius
1613 274 1666 320 (ut
1682 272 1746 312 sibi
1767 275 1883 314 videri

288 335 416 390 possit)
439 339 476 375 &
499 337 619 374 civilis
641 334 858 384 prudentiae
882 328 1133 368 diffidentiam
1149 329 1194 366 ad
1213 329 1304 365 haec
1324 327 1561 374 transferenS,
1591 329 1770 367 existimet
1799 331 1888 368 haec

291 406 386 443 quae
416 393 577 430 dicimus
609 391 708 427 votis
735 387 867 425 similia
888 387 1019 432 videri,
1056 395 1224 434 quaeque
1255 382 1331 432 spei
1358 384 1473 419 nimis
1496 383 1727 432 indulgeant,
1764 397 1889 424 revera

291 459 418 487 autem
445 459 489 484 ex
516 443 771 496 philosophiae
793 443 884 480 statu
908 451 1056 478 mutato
1079 440 1134 476 nil
1163 437 1263 475 aliud
1286 436 1511 484 secuturum,
1545 450 1658 485 quam
1688 449 1728 476 ut
1759 440 1890 488 placita

291 502 442 542 fortasse
468 499 748 545 transferantur,
787 509 844 534 res
876 506 1001 534 autem
1033 495 1216 532 humanae
1249 492 1375 529 nihilo
1401 491 1548 529 futurae
1575 490 1645 529 sint
1673 495 1854 533 audior-cs
1870 511 1885 536 ,-

292 557 378 596 huic
401 557 527 603 fidem,
556 565 597 592 ut
622 564 806 604 putamus,
835 551 1024 597 faciemus,
1055 551 1111 586 nil
1137 551 1263 586 minus
1292 546 1350 596 agi
1378 559 1491 595 quam
1520 547 1700 598 placitum
1727 559 1790 586 aut
1820 550 1892 588 sec-

292 624 383 660 tam,
412 611 649 658 nostramque
668 610 856 646 rationem
876 607 921 643 ab
942 608 998 652 iis,
1029 616 1122 653 quae
1142 602 1331 652 hucusque
1354 603 1394 638 in
1423 598 1658 651 philosophia
1675 605 1711 640 &
1731 603 1894 642 scientiis

292 668 458 720 praebita
491 666 587 711 sunt,
616 673 703 701 toto
725 673 862 712 genere
890 660 1066 698 differre:
1110 670 1270 710 operum
1305 667 1432 694 autem
1466 653 1706 694 certissimam
1741 659 1894 697 messem

295 722 485 774 sponderi,
513 721 553 756 ni
577 720 752 756 homines
777 715 948 753 muscum
971 713 1042 753 sive
1065 713 1227 762 segetem
1255 712 1451 749 herbidam
1478 711 1668 749 demetere
1698 725 1897 764 praeoccu-

295 779 430 829 parint,
458 785 568 822 atque
593 772 726 809 affeetu
755 771 888 820 puerili
915 772 951 805 ὃς
974 779 1113 806 conatu
1135 767 1256 804 fallaci
1277 778 1437 816 operum
1461 767 1616 816 pignora
1640 767 1895 818 intempestive

297 831 536 881 captaverint.
592 827 722 874 Atque
738 838 781 862 ex
795 824 864 870 his,
893 835 987 871 quae
999 824 1173 869 diximus,
1202 822 1440 871 pertractatis,
1471 820 1554 857 satis
1570 832 1720 859 cautum
1735 823 1782 861 de
1796 836 1895 874 prae-

297 886 440 933 judicio
458 884 540 920 fore
568 881 815 918 existimamus
835 879 934 915 illius
971 878 1129 927 generis,
1164 876 1268 924 quod
1296 888 1338 912 ex
1369 888 1477 926 prava
1498 878 1535 912 ὃ(
1554 878 1684 925 iniqua
1705 880 1770 926 rei,
1801 891 1896 928 quae

296 941 507 984 adducitur,
535 937 777 986 perceptione
800 932 996 979 conflatur,
1027 942 1137 980 atque
1161 943 1235 969 una
1259 929 1458 967 secundam
1473 941 1627 979 partem,
1656 944 1768 979 quam
1796 946 1897 985 prae·

298 1004 493 1044 pai-antem
516 991 754 1040 appellamus,
784 988 946 1028 absolvi3
975 987 1168 1039 postquam
1191 988 1227 1023 ὅ(
1253 998 1295 1022 ex
1323 995 1425 1036 parte
1446 986 1639 1034 religionis
1662 989 1698 1024 &
1727 999 1771 1024 ex
1794 998 1898 1038 parte

299 1047 632 1096 contemplationis
659 1043 862 1090 abstras’tae,
892 1045 928 1079 ὃ(
951 1054 993 1079 ex
1017 1052 1121 1092 parte
1141 1041 1359 1091 prudentiae
1379 1042 1566 1086 naturalis,
1597 1051 1707 1089 atque
1735 1043 1814 1088 ejus
1839 1056 1900 1081 co-

299 1103 446 1150 mitatu,
475 1098 695 1147 diffidentia,
724 1102 760 1137 &
781 1098 979 1135 sobrietate
1004 1100 1041 1134 δε
1061 1095 1248 1142 similibus,
1277 1096 1403 1132 omnis
1432 1095 1579 1132 adversa
1603 1107 1687 1133 aura
1708 1100 1899 1136 conticue-

301 1160 362 1205 rit,
391 1160 428 1195 &
446 1157 574 1194 reflare
594 1153 751 1192 desierit.
807 1153 992 1190 Attamen
1020 1162 1061 1189 ut
1085 1151 1262 1188 omnibus
1282 1151 1449 1187 numeris
1470 1151 1657 1202 completa
1685 1151 1902 1193 adhibeatur

302 1214 546 1266 praeparatio,
576 1210 668 1247 illud
690 1208 808 1246 deesse
827 1208 985 1254 videtur,
1014 1217 1055 1244 ut
1075 1207 1233 1256 languor
1246 1205 1321 1255 ipse
1342 1206 1479 1241 mentis
1494 1207 1530 1242 ὃ(
1549 1215 1682 1254 torpor
1697 1219 1739 1244 ex
1759 1210 1813 1245 rei
1833 1210 1902 1246 mi—

307 1270 438 1306 raculo
453 1266 663 1305 conmissus
686 1265 852 1302 tollatur.
907 1263 1008 1300 Haec
1028 1271 1154 1299 autem
1172 1262 1269 1298 mala
1296 1258 1487 1310 dispositio
1505 1262 1642 1297 mentis
1662 1271 1809 1299 tantum
1838 1275 1904 1313 per

303 1323 496 1361 causarum
519 1321 791 1358 indicationem
807 1318 997 1356 aufertur:
1028 1318 1116 1355 Sola
1141 1317 1244 1353 enim
1274 1315 1465 1352 causarum
1489 1317 1665 1364 cognitio
1678 1319 1905 1356 miraculum

306 1380 374 1425 rei,
403 1380 439 1415 ὅ(
458 1377 647 1429 stuporem
672 1376 810 1411 mentis
838 1373 1001 1410 solverit.
1056 1373 1184 1419 Itaque
1211 1382 1345 1407 omnes
1366 1369 1728 1420 impedimentorum
1749 1374 1909 1410 malitias

304 1436 343 1470 ἃ
362 1431 557 1477 molestias,
587 1431 721 1479 quibus
737 1427 933 1466 interclusa
952 1425 1189 1476 philosophia
1203 1437 1289 1461 vera
1303 1433 1488 1460 remorata
1514 1424 1573 1471 est,
1603 1423 1839 1475 signabimUS,
1867 1440 1908 1466 ur

305 1489 467 1525 minime
484 1488 623 1522 mirum
644 1483 684 1521 sit
707 1484 916 1520 humanum
937 1493 1054 1531 genus
1074 1480 1262 1517 erroribus
1280 1489 1357 1516 tam
1373 1478 1559 1516 diuturnis
1582 1481 1829 1530 implicatum,
1857 1495 1907 1520 at-

307 1554 381 1590 que
410 1542 612 1578 exercitum
634 1538 748 1576 fuifi'e.
805 1539 847 1575 In
877 1548 948 1586 qua
968 1546 1071 1586 parte
1086 1537 1200 1573 etiam
1220 1534 1314 1572 illud
1330 1544 1556 1586 opportune,
1585 1535 1629 1571 ad
1653 1534 1755 1585 spem
1785 1536 1908 1576 solido

306 1606 532 1646 argumento
552 1594 767 1639 fovendam,
797 1593 949 1644 patebit,
979 1593 1163 1629 nimirum
1185 1591 1273 1627 licet
1287 1602 1373 1628 vera
1393 1590 1455 1626 illa
1471 1600 1622 1626 naturae
1637 1591 1908 1641 interpretatio,

307 1664 421 1700 quam
448 1652 643 1696 molimur,
672 1649 812 1685 merito
840 1649 1001 1684 maxime
1029 1643 1202 1692 difficilis,
1230 1655 1358 1682 tamen
1378 1645 1504 1682 multo
1527 1646 1730 1683 maximam
1750 1644 1906 1686 difficul-

307 1708 393 1744 tatis
421 1715 565 1756 partem
588 1706 628 1741 in
657 1705 699 1742 iis
724 1702 872 1749 subesse,
902 1714 996 1751 quae
1016 1703 1056 1738 in
1076 1701 1252 1750 potestate
1281 1699 1401 1737 nostra
1426 1698 1510 1736 sunt
1535 1710 1646 1748 atque
1669 1700 1804 1751 corrigi
1826 1703 1908 1754 pos<
1961 1726 1964 1731 =

310 1761 407 1806 sunt,
436 1773 517 1798 non
538 1761 636 1796 iniis
652 1771 745 1808 quae
769 1767 868 1795 extra
895 1757 1112 1807 potestatem
1136 1755 1298 1793 nostram
1318 1753 1380 1791 sita
1406 1753 1586 1795 existunt3
1616 1756 1657 1792 in
1686 1767 1815 1794 mente
1839 1758 1908 1804 (in—

311 1816 439 1865 quam)
470 1827 551 1852 non
578 1816 616 1851 in
643 1815 751 1850 rebus
774 1810 865 1864 ipsis,
895 1823 957 1850 aut
981 1813 1021 1848 in
1042 1810 1157 1848 sensu.
1214 1810 1329 1861 Qiod
1358 1807 1383 1845 si
1411 1811 1471 1846 cui
1498 1808 1720 1860 supervacua
1742 1812 1909 1851 videatur

313 1880 480 1908 accurata
502 1868 563 1906 ista
583 1869 705 1906 nostra
725 1879 838 1916 quam
857 1868 1075 1904 adhibemus
1103 1866 1148 1902 ad
1164 1875 1309 1902 mentes
1332 1865 1597 1914 praeparandas
1624 1865 1831 1915 diligentia,
1858 1880 1910 1906 at-

313 1938 387 1974 que
415 1927 556 1974 cogitet
586 1924 660 1961 hoc
685 1923 863 1972 quiddam
888 1923 956 1959 effe
978 1934 1019 1959 ex
1047 1932 1198 1970 pompa,
1228 1922 1264 1957 ὅ(
1279 1921 1319 1956 in
1336 1919 1625 1956 ostentationem
1645 1919 1910 1971 compositum,

313 1982 439 2028 itaque
468 1981 590 2031 cupiat
620 1990 699 2016 rem
728 1977 844 2027 ipsam
871 1973 989 2014 missis
1017 1976 1233 2024 ambagibus
1261 1977 1298 2012 ὃ(
1325 1973 1672 2024 praestructionibus
1698 1973 1911 2029 simpliciter

314 2035 506 2074 exhiberi3
536 2044 636 2070 certe
664 2033 837 2085 optabilis
867 2032 978 2069 nobis
1007 2031 1107 2068 foret
1133 2028 1171 2077 (fi
1198 2042 1284 2067 vera
1304 2029 1403 2076 css'et)
1426 2028 1641 2073 hujusmodi
1670 2028 1910 2071 insimulatio,

312 2090 481 2129 Utinam
504 2090 607 2126 enim
630 2098 707 2125 tam
727 2088 893 2138 proclive
919 2087 1029 2124 nobis
1049 2085 1134 2122 esset
1158 2081 1394 2122 difficultates
1409 2086 1447 2121 ὃ(
1470 2083 1737 2136 impedimenta
1751 2088 1915 2133 vincere,

313 2156 428 2193 quam
453 2143 583 2182 fastum
612 2144 764 2180 inanem
790 2144 826 2179 ὃ(
847 2142 980 2179 falsum
1000 2150 1215 2190 apparatum
1235 2140 1435 2191 deponere.
1492 2141 1636 2178 Verum
1662 2139 1737 2177 hoc
1755 2141 1912 2181 velimus·

312 2198 489 2236 homines
521 2197 739 2244 existiment,
768 2209 837 2234 nos
863 2197 961 2234 haud
985 2195 1221 2245 inexplorato
1250 2196 1348 2233 viam
1377 2195 1418 2231 in
1450 2204 1552 2231 tanta
1576 2193 1781 2232 solitudine
1804 2195 1912 2246 inire,

313 2253 529 2304 pracsertim
545 2265 631 2290 cum
653 2262 919 2302 argumentum
939 2249 1153 2296 hujusmodi
1168 2261 1255 2299 prae
1275 2250 1447 2287 manibus
1461 2249 1672 2297 habeamuS,
1702 2251 1806 2299 quod
1821 2262 1912 2291 trac—

313 2309 419 2346 tandi
443 2309 630 2358 imperitia
645 2308 812 2357 perdere,
840 2309 876 2344 &
890 2307 1006 2344 veluti
1026 2317 1213 2356 exponere
1233 2304 1334 2341 nefas
1354 2302 1406 2340 sit.
1463 2305 1591 2351 ltaque
1605 2316 1647 2340 ex
1662 2306 1846 2356 perpenso
1873 2312 1912 2346 δε

315 2363 506 2415 perspeEto
521 2374 598 2400 tam
615 2374 742 2399 rerum
761 2374 874 2411 quam
903 2362 1120 2398 animorum
1139 2360 1242 2407 statu,
1271 2360 1440 2396 duriores
1468 2358 1546 2395 fere
1570 2359 1689 2397 aditus
1716 2361 1761 2398 ad
1788 2361 1910 2400 homi—

315 2430 408 2455 num
430 2429 588 2463 mentes,
617 2429 730 2466 quam
754 2418 798 2454 ad
823 2429 880 2454 res
903 2416 995 2466 ipsas
1009 2416 1234 2461 invenimus,
1263 2426 1304 2450 ac
1331 2413 1503 2450 tradendi
1526 2414 1672 2451 labores
1695 2415 1913 2456 inveniendi

319 2473 508 2510 laboribus
521 2472 622 2510 haud'
640 2474 767 2509 multo
789 2473 949 2509 leviores
976 2468 1197 2519 experimur,
1227 2478 1338 2517 atque
1357 2468 1460 2516 quod
1481 2470 1521 2505 in
1535 2466 1844 2508 intelle&ualibus
1858 2485 1915 2511 res

318 2539 417 2563 nova
430 2527 508 2564 fere
527 2526 591 2574 est,
621 2539 771 2564 morem
786 2528 963 2575 gerimus,
991 2527 1027 2562 ὃς
1042 2534 1120 2562 tam
1134 2523 1273 2560 nostras
1288 2524 1538 2572 cogitationes
1553 2535 1666 2572 quam
1685 2525 1848 2563 aliorum
1875 2526 1915 2564 si—

318 2583 399 2617 mul
415 2581 629 2627 bajulamus.
687 2583 817 2619 Omne
845 2582 949 2618 enim
977 2579 1125 2617 idolum
1145 2590 1296 2625 vanum,
1326 2588 1403 2614 arte
1424 2588 1535 2626 atque
1562 2577 1756 2626 obsequio,
1786 2592 1828 2618 ac
1854 2583 1916 2620 de-

319 2635 402 2672 bito
421 2636 558 2673 access'u
579 2637 812 2683 subvertitur,
842 2637 878 2673 vi
900 2638 936 2673 ὅ(
953 2635 1201 2672 contentione
1221 2643 1332 2681 atque
1347 2631 1557 2670 incursione
1576 2631 1691 2670 subita
1711 2636 1747 2671 ὅ(
1762 2636 1917 2689 abrupta

320 2689 507 2727 efferatur.
565 2693 701 2740 Neque
729 2691 804 2728 hoc
826 2691 914 2727 ideo
928 2700 1078 2727 tantum
1097 2688 1151 2735 fit,
1181 2688 1284 2736 quod
1305 2687 1480 2724 homines
1499 2687 1558 2724 vel
1580 2687 1828 2727 admiratione
1856 2703 1915 2730 au-

320 2745 475 2782 thorum
491 2747 636 2793 captivi,
665 2748 721 2782 vel
747 2746 896 2796 propria
920 2744 1054 2782 fiducia
1072 2742 1220 2789 tumidi,
1248 2743 1307 2779 vel
1325 2742 1552 2794 assuetudine
1572 2742 1732 2790 quadam
1752 2745 1914 2784 reniten-
1952 2787 1955 2790 ,

321 2810 387 2845 tes,
417 2799 452 2836 se
473 2811 610 2847 aequos
637 2802 810 2850 praebere
833 2801 972 2837 nolint.
1029 2800 1068 2837 Si
1093 2799 1174 2847 quis
1195 2793 1439 2835 libentissime
1459 2795 1523 2833 sibi
1548 2797 1773 2844 aequitatem
1801 2800 1917 2851 impe-

323 2867 403 2891 rare
435 2856 611 2899 voluerit,
649 2865 758 2902 atque
792 2867 908 2892 omne
937 2852 1202 2904 praejudicium
1229 2853 1345 2890 veluti
1382 2852 1587 2898 ejuraverit,
1626 2860 1754 2889 tamen
1783 2854 1820 2891 ὅ(
1851 2857 1917 2894 tali

323 2910 461 2946 mentis
475 2907 706 2958 dispositioni
727 2911 947 2958 neutiquam
969 2918 1167 2960 propterea
1194 2907 1307 2944 fidere
1336 2915 1539 2958 oporteret.
1595 2905 1728 2943 Nemo
1743 2910 1846 2946 cnim'
1861 2911 1916 2947 in-

320 2964 482 3000 tellectui
504 2963 570 3000 suo
592 2975 634 3000 cx
663 2963 818 3000 arbitrio
836 2965 1040 3001 voluntatis
1067 2962 1149 3001 suae
1172 2963 1341 3012 imperat,
1369 2971 1492 3008 neque
1516 2959 1828 3010 philosophorum
1860 2964 1915 3012 (ut

323 3018 601 3067 prophetarum)
629 3016 777 3066 spiritus
797 3018 1028 3068 philosophis
1042 3017 1194 3063 subjeffi
1217 3017 1313 3054 sunt.
1370 3016 1496 3063 ltaque
1516 3025 1597 3051 non
1617 3016 1778 3054 aliorum
1793 3023 1915 3067 aequi-

325 3084 378 3109 tas
401 3082 462 3110 aut
491 3071 677 3111 sinceritas
704 3081 765 3110 aut
794 3072 960 3120 facilitas,
993 3072 1055 3110 sed
1083 3072 1205 3111 nostra
1235 3070 1385 3123 propria
1413 3081 1499 3107 cura
1530 3079 1641 3119 atque
1668 3073 1916 3124 morigeratio

494 3139 507 3163 1
1880 3132 1919 3167 ὅτ
