1973 3570
243 171 1523 229 HISTORIASONIETAUDITUS.
1744 199 1835 251 19⁶

1813 227 1836 251 ὃ

138 270 260 309 FIAT
285 270 586 321 experimentum
610 271 650 306 in
671 270 759 307 aulo
785 268 963 319 (Anglicc
987 283 1013 308 a
1033 270 1218 321 recorder)
1241 274 1393 323 duplici,
1422 279 1462 314 in
1487 291 1564 327 quo
1585 279 1625 321 fit
1647 285 1696 324 la-

91 324 214 372 brum,
243 326 280 362 ὅ(
305 326 445 374 lingua,
477 326 514 361 ὅ(
536 334 678 373 guttur,
708 326 752 361 ad
772 334 974 374 utrumque
994 326 1123 374 finem,
1152 330 1204 365 ita
1227 339 1268 365 ut
1292 332 1524 381 applicentur
1548 338 1591 373 ad
1618 343 1698 378 uni„

92 380 250 418 sonum:
279 391 365 417 cava
383 389 510 416 autem
530 378 644 417 fistula
663 379 836 416 existente
856 380 995 430 duplici
1016 383 1051 419 ὃς
1071 382 1302 431 continuata,
1333 385 1466 424 sonent
1489 389 1568 426 duo
1591 390 1697 432 fimul.

90 436 308 472 cantionem
325 434 484 471 eandem
498 435 543 471 ad
559 444 761 483 utrumque
776 434 905 483 finem,
933 448 976 473 ac
989 447 1144 475 notetur
1160 448 1287 476 utrum
1303 440 1556 481 confundatur
1572 445 1681 486 sonus

89 501 137 528 an
152 491 362 539 amplietur,
390 500 436 526 an
452 489 658 527 hebetetur.
1683 479 1694 496 ’

89 598 100 608 .
141 544 293 582 ΑεεῙΡ
304 555 390 581 IAN
401 555 497 581 TUR
512 544 591 582 duo
605 544 683 581 cavi
699 545 833 591 trunci,
855 547 892 582 ὅ(
906 546 1184 596 conjungantur
1199 549 1240 584 in
1256 549 1415 586 modum
1432 554 1549 590 crucis
1591 554 1640 592 ita
1655 567 1695 595 ut

88 611 131 637 m
151 600 241 637 loco
260 599 324 636 ubi
340 599 618 636 connectuntur
641 596 711 635 sint
730 601 869 650 pervii3
899 602 935 638 ὅ(
950 602 1154 650 loquantur
1169 603 1248 640 duo
1262 604 1306 640 ad
1323 605 1512 643 dircstum
1527 585 1562 645 δι’
1578 612 1693 648 trans.

87 653 234 693 versum
248 664 437 700 truncum,
467 655 503 690 ὅ(
518 655 749 705 applicentur
769 652 936 692 similiter
952 668 1056 694 aures
1070 658 1235 695 duorum
1251 659 1295 695 ad
1311 659 1403 697 fines
1423 661 1612 713 oppositos
1654 669 1692 704 ὅ(

89 718 246 746 notetur
261 718 401 755 utrum,
430 719 540 746 voces
556 709 591 744 se
607 710 770 746 invicem
787 710 1039 749 confundunt.
1615 696 1625 711 ²

87 798 162 840 De
174 797 413 838 adventitiis
425 797 587 837 auxiliis
601 794 648 841 όν
657 795 1035 891 impedime‘iSfhW
1044 817 1058 842 ,-
1081 797 1126 837 de
1136 797 1408 866 hassonesbni,
1423 799 1470 844 dy
1486 803 1686 844 varietate·

809 865 867 891 me
895 866 1027 891 torum.

141 929 186 967 M
197 940 326 967 EMIN
337 940 351 966 1
368 930 406 966 in
422 940 567 965 camera
582 924 858 980 Cantabrzgiae
873 929 1051 966 nonnihil
1067 928 1226 976 ruinosa,
1255 932 1299 968 ad
1317 932 1635 974 suffuleimcntum
1650 934 1685 975 e·

86 985 226 1024 rectam
252 984 355 1022 fuiss'e
379 985 598 1021 columnam
627 983 794 1030 ferream,
836 980 1084 1020 craffitudinis
1113 985 1258 1033 pollicis
1286 987 1432 1024 fortass'c
1460 991 1496 1026 ὅ(
1525 991 1681 1029 dimidii

87 1053 171 1078 eam
197 1041 417 1077 columnam
441 1039 575 1075 baculo
601 1048 663 1075 aut
692 1038 778 1074 alias
800 1038 1002 1088 pereussam
1025 1039 1152 1075 lenem
1178 1039 1312 1077 sonum
1342 1042 1538 1081 exhibuisse
1564 1047 1604 1083 in
1630 1023 1686 1084 caz

86 1107 192 1133 mera
223 1096 288 1132 ubi
320 1094 430 1132 stabat
464 1094 654 1140 columna,
699 1102 734 1129 at
767 1091 807 1129 in
835 1103 980 1129 camera
1013 1104 1106 1141 quae
1140 1093 1266 1131 subtus
1299 1105 1374 1133 erat
1411 1097 1594 1137 bombum
1628 1102 1683 1138 so-

86 1162 239 1188 norum.

138 1207 516 1256 INQJIRENDUM,
533 1214 626 1251 quae
638 1214 808 1252 corpora,
830 1205 865 1240 ὃ(
878 1204 979 1248 cujus
991 1202 1197 1251 soliditatis,
1213 1207 1249 1242 ὅς
1261 1202 1507 1246 erassitudinis
1520 1211 1683 1248 omnino

83 1269 232 1298 arceant
248 1262 284 1296 ὅ(
299 1259 493 1296 excludant
509 1257 665 1298 sonum3
684 1269 795 1306 atque
810 1257 919 1295 etiam
934 1271 1027 1307 quae
1041 1261 1159 1308 magis
1175 1270 1236 1297 aut
1251 1262 1376 1298 minus
1391 1274 1478 1299 eum
1493 1263 1669 1302 hebetent

84 1317 173 1353 licet
199 1316 364 1352 omnino
392 1326 473 1350 non
502 1314 752 1364 intercipiant.
809 1315 946 1361 Neque
974 1315 1078 1350 enim
1106 1314 1226 1351 adhuc
1254 1315 1405 1362 constat,
1441 1330 1535 1366 quae
1559 1296 1682 1357 mcdizi

84 1370 276 1414 interjecta
298 1370 414 1418 magis
436 1369 597 1418 propitia
630 1366 711 1414 finr,
741 1380 834 1416 quae
863 1370 980 1418 magis
1003 1370 1255 1419 impedientia.
1311 1372 1438 1419 Itaque
1460 1372 1522 1409 fiat
1543 1376 1680 1425 experi-

83 1436 258 1463 mentum
283 1425 324 1460 in
349 1436 452 1470 auro,
482 1421 613 1472 lapide,
650 1424 761 1470 vitro,
789 1435 928 1472 panno,
957 1435 1061 1472 aqua,
1090 1425 1190 1472 oleo,
1221 1427 1257 1462 δε
1283 1438 1418 1463 eorum
1443 1424 1681 1467 crassitudine

83 1479 292 1532 respeeiiva.
347 1480 407 1516 De
427 1480 501 1516 hoc
515 1479 680 1514 omnino
694 1478 962 1526 inquirendum
983 1477 1032 1515 est
1046 1479 1212 1516 ulterius.

136 1536 172 1572 A
186 1548 242 1572 ER
258 1534 425 1571 medium
444 1534 489 1570 ad
505 1534 639 1570 sonum
653 1533 700 1569 est
715 1532 874 1570 maxime
888 1535 1108 1585 propitium,
1138 1536 1174 1571 ὅ(
1189 1531 1288 1583 quafi
1303 1537 1468 1573 unicum.
1525 1538 1679 1585 Rursus,=

84 1593 145 1628 aet
167 1588 358 1627 humidior
381 1588 566 1635 (arbitror)
584 1589 700 1637 magis
715 1588 835 1625 defert
859 1587 993 1625 sonum
1009 1601 1122 1636 quam
1147 1587 1297 1626 siccior:
1327 1601 1362 1627 at
1379 1592 1418 1627 in
1434 1592 1569 1629 nebula
1589 1594 1680 1641 quid

81 1645 147 1692 fig?
165 1658 246 1684 non
270 1643 438 1681 memini.
495 1644 714 1681 Nocturnus
736 1645 850 1680 etiam
865 1645 982 1693 magis
1002 1655 1114 1692 quam
1130 1643 1304 1681 diurnus:
1332 1657 1463 1682 verum
1477 1647 1514 1683 id
1530 1645 1678 1685 filcntio

83 1697 401 1750 affignarixpotest.

136 1757 463 1807 INQJmATUR
485 1753 532 1790 de
555 1753 685 1790 medio
705 1752 890 1797 flammae,
920 1753 1034 1801 qualis
1054 1752 1096 1791 sit
1120 1756 1348 1802 operationis
1372 1755 1491 1793 versus
1516 1756 1676 1797 sonum;

83 1821 212 1848 utrum
239 1808 410 1847 videlicet
435 1808 586 1845 flamma
610 1809 762 1853 alicujus
792 1804 1039 1845 crassitudinis
1068 1810 1231 1845 omnino
1261 1820 1379 1846 arceat
1405 1813 1442 1847 ὃς
1468 1812 1679 1861 intercipiat

82 1866 234 1912 sonum,
246 1874 307 1901 aut
324 1863 452 1900 saltem
467 1874 555 1900 eum
569 1865 686 1913 magis
700 1863 849 1900 hebetet
865 1874 977 1912 quam
992 1866 1061 1901 ae'r.
1093 1865 1136 1900 In
1150 1863 1298 1913 ignibus
1310 1865 1417 1910 lubili
1429 1865 1502 1902 hoe
1518 1868 1674 1915 experiri

84 1923 187 1960 licet.
1299 1955 1301 1957 ,

135 1978 188 2014 ΙΝ
198 1978 319 2027 Qum
329 1983 502 2012 ENDUM
514 1972 625 2010 etiam
641 1973 687 2010 de
700 1972 828 2010 medio
843 1972 931 2010 aeris
942 1973 1184 2011 vehementer
1198 1975 1307 2010 moti.
1353 1973 1456 2012 Licet
1471 1976 1574 2012 enim
1589 1988 1676 2013 ven-

80 2042 140 2070 tus
166 2031 307 2069 deferat
328 2029 474 2075 sonum,
512 2029 672 2066 arbitror
693 2038 820 2066 tamen
842 2039 975 2066 ventos
998 2029 1297 2065 vehementiores
1323 2029 1502 2066 nonnihil
1527 2031 1676 2067 turbare

80 2087 229 2134 sonum,
260 2095 302 2122 ut
316 2086 442 2121 minus
463 2084 576 2132 longe
588 2083 815 2131 exaudiatur,
844 2086 958 2121 etiam
973 2083 1177 2121 secundum
1191 2094 1360 2131 ventum,
1389 2096 1502 2133 quam
1518 2086 1559 2121 in
1580 2095 1677 2122 tran·

82 2143 227 2192 quillo:
256 2142 315 2177 De
330 2152 408 2187 quo
428 2139 636 2186 inquiratur
651 2139 818 2176 ulterius.

135 2198 414 2235 VIDENDUM
436 2194 585 2241 qualem
601 2193 720 2230 reddit
744 2192 879 2230 sonum
903 2206 974 2240 aes,
1002 2203 1064 2230 aut
1087 2192 1229 2230 ferrum
1245 2194 1409 2242 ignitum
1433 2194 1572 2230 malleo
1596 2205 1675 2243 pcr-

84 2252 236 2299 cuffum,
264 2258 522 2299 comparatum
537 2248 580 2285 ad
598 2260 684 2286 eum
699 2260 812 2296 quem
829 2248 949 2286 reddit
965 2247 1154 2296 frigidum.

650 2337 724 2377 ‘De
728 2338 999 2392 penetratione
1003 2335 1105 2397 fini.

134 2419 279 2455 Lams
309 2416 435 2453 actites
461 2412 571 2450 habet
598 2421 778 2460 tanquam
806 2410 983 2447 nucleum
1010 2418 1072 2455 aut
1101 2418 1217 2444 ovum
1242 2406 1384 2456 lapidis,
1425 2406 1489 2454 qui
1521 2405 1675 2456 agitatus

82 2473 206 2511 reddit
229 2471 364 2508 sonum
387 2468 586 2508 obtusum3
624 2467 716 2503 item
741 2465 1013 2504 tintinnabula;
1050 2462 1112 2500 sed
1131 2463 1246 2511 longe
1266 2463 1478 2508 clariorem,
1515 2459 1541 2498 fi
1566 2462 1676 2499 detur

83 2530 188 2565 rima.
1100 2552 1103 2555 ,

135 2584 317 2633 INQJIR
329 2591 352 2616 A
363 2590 459 2615 TUR
475 2578 520 2615 ab
535 2576 798 2622 urinatoribus‚
819 2573 844 2611 fi
860 2575 1023 2612 omnino
1036 2568 1187 2610 audiant
1203 2570 1324 2608 subter
1340 2583 1486 2620 aquam,
1516 2571 1673 2623 praeser-

83 2639 154 2676 tim
175 2635 484 2689 profundiorem5
521 2642 633 2680 atque
652 2633 861 2680 inquiratur
881 2631 988 2679 plane
1009 2638 1232 2677 utrumque3
1269 2639 1350 2663 non
1371 2637 1519 2663 tantum
1543 2637 1673 2664 utrum

83 2694 234 2730 audiant
255 2690 389 2727 sonum
410 2690 575 2736 aliquem
597 2687 642 2724 de
663 2687 777 2736 supra,
814 2687 878 2732 qui
902 2684 1022 2721 editur
1048 2684 1088 2720 in
1107 2685 1201 2728 aere,
1231 2680 1291 2718 scd
1318 2683 1433 2718 etiam
1457 2692 1584 2718 utrum
1611 2688 1672 2718 au-v

83 2749 188 2785 diant
207 2740 484 2797 pcrcuffioncm
504 2743 673 2793 corporis
694 2752 808 2789 aquae
829 2741 925 2776 intra
939 2750 1085 2787 aquam,
1114 2738 1178 2775 ubi
1199 2748 1280 2773 non
1300 2735 1349 2772 est
1367 2739 1436 2772 a'e‘r.
1491 2738 1670 2785 Expertus

84 2802 159 2840 hoe
173 2802 255 2839 sum
276 2802 314 2836 in
331 2800 487 2836 balneo:
517 2797 785 2834 demittebatur
804 2792 907 2831 situla
922 2793 1017 2830 bene
1037 2805 1168 2844 capam
1196 2791 1247 2830 ita·
1259 2801 1384 2828 autem
1405 2791 1669 2841 demittebatur

84 2869 151 2893 ore
173 2855 321 2893 inverso
336 2856 375 2890 in
398 2853 632 2901 aequilibrio,
662 2861 703 2887 ut
723 2850 886 2887 omnino
901 2849 941 2884 in
957 2860 1124 2885 concavo
1148 2846 1389 2896 suo³deferrct
1405 2845 1528 2882 seeum
1543 2855 1667 2879 aerem

85 2911 208 2948 subter
233 2921 366 2958 aquam
389 2909 434 2946 ad
458 2907 696 2944 altitudinem
718 2906 861 2956 palmae
884 2904 1014 2940 unius:
1053 2913 1163 2951 atquc
1186 2898 1237 2938 ad*
1256 2901 1357 2938 hunc
1381 2899 1539 2936 modum
1566 2907 1667 2934 tene-

85 2966 191 3003 batur
212 2963 316 3001 fitula
335 2963 507 3001 manibus
530 2959 702 3010 depr-effa,
731 2971 779 2996 ne
805 2968 1030 2995 everteretur
1046 2968 1107 2994 aut
1131 2955 1359 3005 resurgeret:
1396 2965 1478 2991 tum
1499 2953 1668 2991 urinator

85 3019 265 3057 inserebat
290 3029 399 3069 caput
425 3020 466 3055 in
489 3027 698 3056 concavum
720 3012 857 3059 situlae,
889 3015 926 3050 ὃ(
955 3013 1198 3061 loquebatur:
1236 3009 1492 3049 exaudiebatur
1519 3017 1591 3044 vox
1615 3007 1671 3042 lo-

138 3075 247 3114 Von.
275 3074 319 3110 Π.
817 3069 844 3105 Β
861 3068 885 3103 b
1001 3104 1006 3110 ,
1049 3105 1056 3109 ,
1273 3097 1276 3101 ,
1504 3059 1649 3109 quentis
1660 3076 1675 3100 5
