1973 3570
71 164 166 229 388

309 147 687 206 AUGUSTI
726 156 1147 205 CAESARIS
1184 156 1455 203 IMAGo
1495 159 1804 205 cieris.

255 257 399 293 bellicis
421 258 682 305 conjungeret,
713 255 765 292 nil
779 266 857 292 tam
883 254 1129 304 improvisum
1160 256 1193 291 ci
1217 254 1419 301 accidebat,
1448 256 1493 293 ad
1527 258 1630 307 quod
1657 259 1866 295 remedium

254 322 424 362 paratum
441 324 522 349 non
538 312 711 351 haberem
741 313 777 347 ὃς
797 312 852 347 nil
873 321 952 346 tam
972 309 1179 354 adversum,
1210 321 1252 345 ex
1274 321 1352 357 quo
1378 322 1459 346 non
1477 312 1677 349 utilitatem
1704 315 1868 360 aliquam

255 365 449 407 derivaret.
506 366 692 404 Personae
714 375 839 402 autem
873 365 955 401 suae
971 364 1113 401 debitas
1141 374 1262 415 partes
1289 364 1484 407 attribuit5
1516 378 1555 403 ut
1585 369 1648 416 qui
1673 367 1808 407 dedens
1829 370 1868 404 in

257 417 447 471 praetorio
471 420 509 457 in
534 420 679 470 magnis
699 421 851 470 proeliis
880 421 1011 456 omnia
1034 431 1098 467 per
1128 420 1287 455 nuncios
1311 417 1584 458 administraret.
1641 423 1693 458 Er<
1711 435 1789 470 quo
1803 423 1868 459 du-

257 478 396 526 plicem
426 476 590 513 frustum
619 476 784 526 capiebat
803 493 815 517 ,-
847 486 887 511 ut
917 477 953 511 ὅ(
973 474 1012 510 in
1028 472 1227 510 discrimen
1256 471 1370 510 rarius
1394 473 1429 510 se
1454 478 1725 522 committeret,
1754 488 1868 525 atque

258 541 299 568 ut
315 543 403 567 cum
431 543 487 567 res
502 532 682 567 inclinare
703 529 917 580 coepiss‘cnt,
947 530 1135 580 proelium
1160 540 1223 578 per
1245 525 1352 578 ipsius
1371 529 1626 577 praesentiam,
1655 532 1771 568 veluti
1800 544 1867 568 no-

256 598 301 624 va
317 584 460 631 auxilia,
492 585 762 622 instauraretur.
819 586 861 622 In
887 586 996 621 omni
1029 594 1155 620 autem
1180 585 1406 632 apparatu&
1434 595 1572 621 conatu
1602 586 1751 632 bellico,
1789 598 1870 623 nou
1924 625 1927 629 ,

257 650 408 678 tantum
423 641 467 677 ad
499 641 667 691 exempla
692 652 747 676 res
767 641 930 688 gerebat,
964 638 1024 676 sed
1049 647 1148 676 nova
1177 640 1213 674 ὃς
1242 639 1528 675 accommodata
1554 639 1698 677 summa
1724 642 1869 690 ratione

259 694 625 733 comminiscebatur.
682 694 883 730 Amicitias
906 693 987 730 satis
1010 693 1220 730 constanter
1241 695 1277 729 &
1310 691 1484 741 fingulari
1510 707 1596 731 cum
1626 695 1872 732 beneficentia

260 750 549 798 &indulgentia
563 749 695 785 coluit.
751 748 984 785 Amicorum
1006 758 1136 784 tamen
1163 746 1379 790 huiusmodi
1407 748 1594 786 deleCrum
1624 750 1723 797 feeit,
1753 760 1794 787 ut
1822 751 1871 786 fii-

260 805 333 841 cile
354 813 554 855 appareret,
583 815 672 840 eum
687 804 887 851 inquirere,
909 813 963 849 ut,
993 801 1230 839 instrumenti
1252 814 1333 837 non
1358 804 1621 851 impedimenti
1647 806 1749 851 loco,
1783 804 1869 841 ami<

259 860 347 896 ciria
369 869 502 895 eorum
524 857 620 895 effer.
680 858 786 894 Cum
807 867 934 894 autem
963 859 999 894 ὅ(
1030 866 1163 894 natura
1186 859 1222 892 ὅ(
1243 855 1414 893 instituto
1436 859 1594 895 serretur
1636 860 1681 896 ad
1715 861 1800 906 hoe,
1830 869 1871 896 ut

258 925 342 950 non
358 913 529 949 eminens
548 914 645 949 inter
661 924 832 963 magnos,
862 911 924 949 sed
939 913 1126 961 imperans
1148 913 1245 948 inter
1261 910 1505 962 obsequentes
1522 914 1618 960 esset,
1649 916 1790 951 amieos
1806 913 1869 950 libi

258 968 427 1013 adjunxit
444 966 617 1014 humiles,
646 966 708 1004 sed
731 965 940 1011 industrios,
973 967 1109 1016 quibus
1138 966 1215 1017 ipse
1249 965 1378 1003 omnia
1402 967 1498 1004 effer.
1555 970 1655 1005 Hinc
1685 969 1791 1014 illud,
1821 971 1872 1005 ita

256 1020 404 1059 vivente
420 1016 583 1073 Caesare
608 1024 772 1063 moriar‚·
805 1024 842 1058 ὃς
869 1031 1012 1059 caetera
1032 1022 1070 1058 id
1094 1033 1224 1071 genus.
1281 1021 1486 1059 Nobilium
1510 1033 1637 1060 autem
1658 1025 1695 1061 ὅ(
1714 1025 1874 1072 aequali-⁴

257 1089 326 1114 um
344 1077 498 1114 suorum
519 1076 702 1114 amicitias
718 1089 759 1113 ex
776 1076 843 1113 usu
866 1077 933 1114 suo
957 1076 1171 1114 asciscebat:
1201 1089 1243 1113 ex
1258 1075 1402 1113 intimis
1419 1087 1548 1115 autem
1572 1080 1768 1115 neminem
1794 1079 1872 1116 fere

258 1131 495 1178 admittebat,
526 1130 594 1168 nifi
609 1133 677 1180 qui
707 1144 749 1168 ex
771 1130 806 1168 se
822 1134 952 1168 omnia
969 1132 1140 1183 speraret.
1197 1131 1481 1183 Quiri&lite1·is
1497 1133 1716 1170 &dostrina
1727 1134 1872 1171 medio-

262 1188 376 1224 criter
401 1187 568 1224 excultus
588 1186 672 1234 fuit,
702 1186 763 1223 sed
784 1198 825 1223 ea
851 1199 944 1235 quae
967 1187 1013 1223 ad
1042 1188 1193 1225 civilem
1209 1187 1318 1223 usum
1338 1186 1479 1234 aliquid
1507 1189 1709 1226 conferret.
1768 1190 1874 1227 Nam

261 1244 302 1279 &
316 1243 357 1278 in
371 1240 517 1278 historia
532 1241 690 1280 versatus
705 1250 793 1287 erat,
824 1243 860 1278 ἃ
883 1242 1088 1279 verborum
1112 1242 1278 1291 pondera
1302 1244 1337 1278 ὅ(
1368 1241 1540 1279 acumina
1569 1242 1664 1280 mire
1685 1244 1840 1281 callebat
1857 1261 1872 1285 ς

258 1299 298 1334 ὅτ.
320 1308 409 1334 cum
433 1297 553 1334 multa
575 1295 742 1333 felicitati
767 1295 850 1333 suae
873 1297 1062 1342 tribueret,
1091 1298 1229 1346 peritus
1248 1297 1429 1333 astrorum
1457 1297 1575 1334 videri
1595 1299 1727 1335 voluit.
1786 1299 1871 1337 Elo-

258 1352 415 1401 quentia
434 1361 560 1388 autem
590 1352 624 1388 el
653 1352 777 1388 nativa
806 1353 843 1388 ὅ(
871 1363 962 1400 pura
988 1362 1073 1388 erat.
1130 1353 1175 1387 ln
1202 1352 1411 1400 voluptates
1438 1351 1635 1402 propensas
1662 1365 1704 1389 ae
1732 1352 1868 1390 cffuths

258 1415 351 1454 erat,
380 1406 484 1455 quod
499 1407 535 1443 ei
554 1407 652 1455 apud
675 1407 783 1443 initia
812 1402 873 1442 sua
895 1406 984 1442 loco
1000 1404 1242 1442 simulationis
1264 1415 1360 1442 erat:
1389 1417 1508 1442 nemo
1536 1406 1639 1443 enim
1664 1406 1872 1456 periculum

258 1461 306 1497 ab
321 1459 537 1507 hujusmodi
554 1461 711 1509 ingenio
731 1460 942 1496 metuebat:
973 1461 1183 1512 voluptates
1198 1470 1323 1497 autem
1345 1459 1423 1498 suas
1452 1462 1503 1498 ita
1526 1462 1803 1509 moderabatur,
1832 1473 1875 1500 ut

259 1514 359 1553 nihil
373 1516 529 1553 utilitati
546 1525 608 1552 aut
624 1516 871 1564 negotiorum
891 1514 1059 1552 summae
1087 1512 1298 1562 officerent,
1327 1517 1364 1552 ὅ(
1386 1516 1520 1552 animo
1548 1518 1672 1566 potius
1701 1519 1874 1566 vigorem
1925 1550 1928 1556 ,

260 1581 376 1618 quam
392 1570 616 1619 languorem
630 1571 850 1606 tribuerent.
908 1571 951 1607 In
967 1569 1095 1607 mensa
1111 1570 1267 1617 sobrius,
1294 1572 1390 1607 circa
1405 1570 1576 1608 libidines
1592 1570 1812 1619 incuriosus,
1833 1574 1874 1610 in

260 1624 356 1662 ludis
371 1625 539 1662 laetus&
560 1625 790 1674 magnificus.
850 1624 951 1662 Talis
971 1637 1060 1662 cum
1087 1625 1186 1672 efl'et,
1219 1625 1258 1662 id
1281 1626 1327 1662 ad
1355 1636 1565 1663 extremum
1601 1628 1634 1663 ei
1651 1625 1763 1664 exitio
1790 1626 1874 1674 fuir,

264 1679 371 1728 quod
396 1679 442 1716 ad
470 1679 649 1729 principia
685 1680 748 1717 sua
789 1681 1028 1718 incremento
1052 1680 1169 1717 fuerat
1184 1698 1199 1723 ,-
1240 1681 1280 1717 id
1311 1679 1371 1727 est,
1411 1678 1573 1717 studium
1602 1682 1869 1733 popularitatis.

265 1733 336 1772 Nil
354 1736 459 1771 enim
473 1744 552 1772 tam
564 1736 744 1788 populare
759 1733 809 1772 est
822 1747 937 1784 quam
950 1734 1141 1785 ignoscere
1160 1734 1343 1773 inimicis:
1376 1748 1449 1785 qua
1459 1733 1529 1773 five
1543 1738 1681 1774 virtute
1702 1735 1773 1774 five
1795 1748 1875 1775 arte

266 1790 332 1829 ille
359 1787 482 1842 periit.

588 1934 773 2013 Imago
805 1932 992 1990 Civilis
1022 1931 1265 2012 Augusti
1293 1932 1546 1990 Caesaris,

400 2071 443 2112 U
445 2072 481 2111 G
490 2069 533 2112 U
535 2069 566 2111 S
571 2067 648 2110 TO
673 2069 842 2124 Caefizri,
869 2071 895 2109 fi
910 2072 968 2111 cui
979 2071 1213 2120 mortalium,
1243 2073 1470 2124 magnitudo
1497 2073 1615 2110 animi
1630 2071 1747 2110 inerat
1761 2073 1875 2112 intur·

426 2128 525 2175 bida,
554 2127 681 2165 serena
703 2129 740 2165 &
760 2128 950 2166 ordinata:
978 2127 1092 2178 idque
1116 2128 1284 2165 indicant
1313 2141 1370 2166 res
1394 2128 1477 2166 illae
1494 2128 1672 2165 omnium
1699 2130 1876 2176 maxime,

270 2196 361 2233 quas
380 2183 425 2220 ab
448 2185 604 2221 ineunte
627 2181 877 2220 adolescentia
905 2179 1024 2233 gestit.
1081 2184 1185 2222 Nam
1211 2185 1275 2231 qui
1301 2185 1458 2233 ingenio
1471 2181 1745 2220 commotiores
1777 2181 1876 2231 sunt,

271 2240 300 2275 ii
313 2239 391 2276 fere
413 2238 678 2276 adolescentias
700 2250 765 2289 per
780 2235 1050 2276 varioserrores
1065 2236 1283 2287 transigunt,
1309 2251 1350 2276 ac
1366 2238 1431 2276 sub
1455 2238 1620 2275 mediam
1635 2248 1794 2275 aetatem
1815 2239 1877 2276 dc-

271 2305 383 2331 mum
404 2292 440 2330 se
461 2293 681 2331 ostendunt:
711 2293 846 2341 quibus
860 2303 987 2331 autem
1012 2304 1145 2331 natura
1166 2294 1215 2331 est
1231 2291 1436 2345 composita
1459 2295 1495 2329 &
1517 2292 1672 2342 placida,
1702 2294 1729 2329 ii
1757 2294 1878 2345 prima

272 2346 385 2385 etiam
400 2358 519 2385 aetate
537 2348 674 2385 florere
688 2347 849 2398 possunt.
907 2347 1039 2397 Atque
1064 2360 1154 2385 cum
1182 2349 1300 2385 animi
1320 2348 1438 2394 dotes,
1468 2345 1557 2384 ficut
1579 2349 1616 2384 &
1631 2347 1732 2384 bona
1743 2360 1875 2397 eorpo-

272 2401 334 2448 ris,
362 2402 515 2441 sanitate
528 2403 701 2454 quadam,
731 2402 1020 2453 pulchritudine,
1045 2405 1082 2440 &
1104 2403 1246 2440 viribus
1267 2401 1533 2440 contineantur
1561 2404 1599 2439 ὃς
1627 2401 1876 2450 absolvantur,

271 2456 346 2493 fuit
361 2467 461 2495 certe
480 2459 667 2497 avunculo
682 2455 799 2510 Julio
820 2457 957 2497 viribus
986 2457 1102 2496 animi
1124 2459 1257 2507 impar,
1284 2458 1563 2510 pulchritudine
1593 2459 1629 2494 &
1652 2455 1803 2494 sanitate
1823 2458 1864 2496 su

270 2511 408 2560 perior.
465 2513 532 2550 Ille
546 2512 649 2551 enim
659 2513 895 2565 inquietus&
908 2510 1179 2565 incompofitus
1188 2512 1248 2563 (ut
1264 2512 1348 2550 sunt
1362 2513 1438 2550 fere
1454 2514 1480 2550 ii
1495 2513 1559 2565 qui
1574 2510 1755 2550 comitiali
1774 2524 1874 2549 mor-

270 2565 326 2602 bo
339 2566 548 2616 tentantur)
577 2567 614 2606 se
631 2568 678 2606 ad
697 2567 790 2606 fines
819 2567 1178 2611 suosrnihilominus
1205 2566 1350 2606 summa
1365 2569 1512 2606 ratione
1540 2567 1755 2619 expediebat
1768 2584 1782 2609 ,-
1813 2567 1875 2605 sed

271 2619 373 2670 ipsos
386 2619 478 2658 fines
488 2623 648 2660 minime
659 2623 906 2671 ordinaverat,
935 2623 997 2661 sed
1012 2624 1155 2676 impetu
1169 2622 1322 2660 infinito
1340 2625 1375 2660 &
1390 2624 1487 2661 ultra
1503 2622 1663 2660 mortale
1682 2632 1871 2673 appetens,

269 2672 460 2712 ferebatur
484 2676 531 2712 ad
548 2677 742 2716 ulteriora:
771 2679 845 2716 Hic
858 2689 985 2716 autem
1006 2678 1149 2717 sobrius
1172 2681 1210 2716 &
1237 2679 1477 2716 mortalitatis
1505 2688 1668 2724 mernor,
1698 2675 1810 2713 etiam
1837 2677 1876 2715 fi-

271 2741 340 2767 nes
355 2728 440 2767 suos
464 2730 600 2767 ordine
613 2732 823 2771 admirabili
837 2732 1039 2786 descriptos
1061 2736 1099 2772 &
1118 2734 1271 2772 libratos
1294 2733 1457 2772 habuifl'e
1477 2732 1572 2770 visus
1586 2731 1645 2769 est.
1703 2732 1876 2770 Primum

272 2786 391 2832 enim,
419 2789 547 2822 rerum
561 2786 675 2834 potiti
688 2788 837 2827 volebat
849 2806 864 2832 ,-
894 2789 1043 2836 deinde,
1069 2789 1108 2826 id
1134 2787 1281 2838 affequi,
1310 2798 1352 2827 ut
1379 2789 1516 2838 dignus
1544 2798 1592 2824 eo
1604 2784 1747 2835 fastigio
1762 2787 1876 2825 existi-

273 2849 462 2878 maretur:
489 2838 577 2878 dein
592 2841 705 2878 etiarn
729 2843 803 2882 frui
824 2844 970 2882 summa
991 2844 1145 2881 fortuna
1161 2843 1372 2882 humanum
1397 2843 1466 2880 effe
1480 2841 1658 2879 ducebat:
1687 2841 1733 2878 ad
1761 2851 1877 2879 extre-

271 2895 395 2941 mum,
425 2894 560 2933 addere
585 2893 621 2932 se
645 2895 751 2933 rebus
771 2900 807 2935 ὅ(
825 2898 1028 2949 imaginem
1048 2901 1086 2936 ὃς
1104 2897 1284 2937 virtutem
1308 2896 1362 2936 sui
1381 2896 1606 2948 principatus
1630 2894 1779 2933 saeculis
1799 2897 1879 2948 post

272 2947 311 2985 se
329 2948 464 2987 futuris
477 2951 696 3001 imprimere
711 2953 747 2987 ὅ(
773 2950 906 2992 inferre
921 2954 1181 2992 meditabatur.
1236 2955 1364 3003 Itaque
1394 2951 1511 3002 prima
1524 2960 1644 2988 aetate
1671 2951 1874 3000 potentiae,

271 3003 609 3055 media‘dignitati,
642 3015 820 3056 vergente
854 3009 1118 3060 voluptatibus,
1159 3007 1349 3048 senectute
1376 3005 1584 3046 memoriae
1613 3009 1652 3044 δε
1677 3004 1879 3058 posteritati

275 3057 469 3098 serviebat.
1823 3112 1855 3156 I

1851 3126 1876 3151 κε
