1973 3570
136 232 199 281 60
570 219 983 275 HISTORIA
1035 221 1548 270 VENTORUM.

327 341 389 381 34.
422 329 535 366 CUM
555 340 635 365 non
651 326 924 377 conspiciantur
939 324 1058 361 stellae
1077 321 1316 368 minusculae,
1344 321 1468 369 quales
1488 320 1583 367 sunt,
1614 332 1701 368 quas
1721 333 1857 362 vocant

271 386 413 430 asellos,
442 383 553 430 idque
567 382 608 419 fit
622 383 759 428 ubique
775 391 838 428 per
853 390 977 417 totum
993 379 1155 421 coelum,
1185 387 1336 424 magnas
1350 375 1614 423 praemonstrat
1629 376 1858 424 tempestates

270 439 463 477 &imbres
478 439 575 473 intra
589 437 731 483 aliquot
747 435 841 470 dies:
870 434 981 485 Quod
1000 431 1024 469 si
1040 431 1176 469 alicubi
1194 430 1313 467 stellae
1328 431 1495 466 minutae
1510 429 1766 477 obscurentur,
1796 433 1859 469 ali·

275 495 359 531 cubi
375 491 441 529 fint
457 493 585 537 clarae,
614 500 745 528 ventos
760 498 919 534 tantum,
948 487 1008 524 sed
1023 489 1141 524 citius.

329 559 392 598 35.
424 546 633 583 COELUM
657 544 855 591 acqualiter
879 542 1073 594 splendens
1096 542 1135 577 in
1150 540 1367 585 noviluniis,
1397 549 1457 576 aut
1482 549 1569 576 ortu
1592 549 1738 587 quarto,
1768 539 1860 578 sere·

273 605 432 640 nitatem
455 600 556 637 dabit
579 611 642 648 per
666 600 787 650 plures
810 597 908 637 dies;
937 597 1137 643 aequaliter
1161 594 1373 640 obscurum,
1410 595 1566 634 imbres;
1604 596 1860 642 inaequaliter,

273 667 418 702 ventos,
446 655 491 691 'ab
514 667 554 691 ea
569 664 671 705 parte
693 663 764 700 qua
780 653 943 688 cernitur
965 650 1187 687 obscuratio,
1242 649 1358 699 Quod
1379 646 1403 684 fi
1419 648 1542 685 subito
1564 648 1625 686 fiat
1650 648 1862 687 obscuratio

273 710 349 749 sine
364 711 463 747 nube
479 719 538 746 aut
554 709 723 757 caligine,
753 718 845 753 quae
859 706 1047 755 fulgorem
1061 704 1247 741 stellarum
1269 703 1497 755 perstringat,
1525 715 1650 752 graves
1666 706 1702 740 &
1717 704 1862 755 asperae

275 765 408 804 instant
427 764 664 815 tempestates.

330 821 392 869 36.
424 820 470 855 81
505 819 736 868 planetarum
765 825 826 851 aut
855 814 1039 850 stellarum
1068 813 1254 854 maiorum
1290 813 1456 860 aliquam
1485 811 1676 849 incluserit
1704 813 1864 850 circulus

276 875 431 922 integer,
461 873 596 908 imbres
618 869 816 921 praedicit3
845 866 869 904 si
893 867 1036 913 fraetus,
1072 877 1204 904 ventos
1227 866 1271 902 ad
1295 878 1352 903 cas
1374 877 1505 917 partes,
1534 868 1598 904 ubi
1622 869 1780 904 circulus
1803 868 1863 904 de-

277 926 364 965 ficit.

331 989 393 1030 37.
426 979 540 1016 CUM
561 988 668 1015 tonat
689 977 948 1015 vehementius
971 988 1083 1024 quam
1107 975 1281 1024 fulgurat,
1311 986 1444 1013 ventos
1471 976 1572 1012 dabit
1596 987 1754 1024 magnos
1763 989 1774 1017 3
1811 974 1866 1014 sin

276 1036 408 1071 crebro
429 1035 525 1070 inter
540 1032 752 1070 tonandum
767 1031 920 1078 fulserit,
951 1031 1088 1080 imbres
1103 1030 1294 1067 confertos
1309 1032 1344 1066 ὅ(
1360 1031 1559 1079 grandibus
1574 1032 1699 1078 guttis.

330 1089 393 1139 38.
424 1090 528 1125 ToN
539 1098 695 1124 ITRUA
712 1087 893 1123 matutina
908 1095 1040 1123 ventos
1054 1082 1279 1134 significarim
1309 1080 1516 1122 meridiana
1530 1086 1680 1122 imbres.

330 1154 393 1192 39.
424 1145 692 1179 TONITRUA
722 1142 939 1190 mugientia,
984 1142 1020 1176 ὃ(
1047 1140 1162 1177 veluti
1191 1138 1430 1185 transeuntia,
1472 1149 1607 1177 ventos
1637 1138 1870 1194 significarin-

276 1208 312 1234 at
328 1209 421 1246 quac
435 1198 642 1245 inaequales
657 1196 793 1233 habent
809 1195 972 1244 fragores
988 1197 1024 1231 ὃ(
1037 1204 1177 1241 acutos,
1205 1195 1398 1242 procellas,
1428 1204 1505 1231 tam
1520 1204 1724 1233 ventorum
1752 1207 1867 1244 quarn

277 1253 469 1290 imbrium.

330 1317 396 1354 40.
428 1307 541 1343 CUM
564 1305 674 1342 coelo
690 1304 820 1341 sereno
836 1303 1087 1352 fulguraverit‚
1117 1315 1196 1339 non
1213 1304 1327 1352 longe
1350 1302 1482 1341 absunt
1496 1304 1599 1341 venti
1615 1306 1652 1340 &
1668 1303 1806 1341 imbres
1820 1304 1868 1342 ab

277 1373 320 1398 ca
333 1371 448 1412 parte,
477 1373 549 1408 qua
562 1359 742 1409 fulgurat3
771 1358 876 1407 quod'
890 1356 914 1394 fi
930 1370 972 1394 cx
987 1355 1132 1395 diversis
1142 1358 1306 1406 partibus
1321 1359 1418 1394 coeli
1433 1358 1690 1407 fulguraverit,
1713 1357 1866 1408 sequen-

278 1426 339 1452 tur
354 1426 496 1452 atroces
511 1414 734 1451 &horridae
748 1413 988 1464 tempestates.

286 1510 289 1512 v
327 1478 393 1518 41.
426 1470 473 1506 SI
496 1469 734 1518 fulguraverit
754 1480 773 1504 a
793 1469 907 1516 plagis
928 1467 1024 1503 coeli
1045 1467 1300 1515 gelidioribus,
1332 1466 1586 1516 septentrione
1610 1469 1646 1503 δ(
1676 1468 1868 1516 aquilone,

279 1523 477 1572 sequentur
492 1523 709 1573 grandines;
738 1521 764 1559 si
782 1534 801 1559 a
814 1521 1072 1571 tepidioribu3‚
1100 1521 1219 1558 austro
1234 1523 1270 1558 ὅ(
1289 1522 1466 1571 zephyro,
1496 1522 1634 1558 imbres
1656 1533 1745 1559 eum
1759 1524 1872 1560 coelo

277 1578 453 1615 aestuosO.
748 1584 752 1587 *
1812 1619 1815 1622 .

328 1642 395 1680 42.
425 1633 468 1668 M
478 1644 503 1668 Λ
513 1643 597 1669 GNI
613 1630 776 1668 fervores
791 1630 869 1680 post
879 1630 1074 1668 solstitium
1090 1630 1253 1668 aestivale
1267 1629 1437 1668 desinunt
1446 1632 1655 1680 plerunque
1668 1633 1710 1668 in
1724 1633 1872 1671 tonitru

275 1689 312 1724 &
334 1687 499 1737 fulgura;
528 1698 621 1735 quae
643 1683 671 1722 fi
684 1698 765 1723 non
783 1685 993 1734 sequantur,
1023 1684 1193 1724 desinunt
1216 1688 1257 1723 in
1272 1696 1406 1724 ventos
1429 1688 1467 1723 &
1488 1687 1629 1736 pluvias
1654 1698 1720 1736 per
1743 1687 1870 1735 plures

277 1742 366 1778 dies.

328 1805 394 1845 43.
426 1795 616 1833 Gronus
638 1793 822 1842 flammae,
858 1807 973 1844 quern
997 1794 1191 1832 Castorem
1213 1795 1396 1833 vocabant
1420 1796 1576 1843 antiqui,
1614 1798 1679 1844 qui
1703 1799 1871 1837 cernitur

278 1850 536 1899 navigantibus
557 1851 598 1886 in
621 1851 728 1896 mari,
756 1847 781 1886 si
803 1850 915 1891 fuerit
938 1851 1081 1896 unicus,
1110 1860 1277 1887 atrocem
1301 1850 1567 1899 tempestatem,
1604 1855 1848 1902 praenunciat
1858 1867 1877 1895 ς·

282 1904 427 1950 (Castor
442 1903 579 1941 scilicet
595 1903 642 1941 est
657 1904 768 1941 frater
784 1906 1054 1942 intermortuus
1065 1902 1091 1954 3)
1116 1915 1152 1941 at
1168 1905 1292 1942 multo
1307 1906 1436 1954 magis,
1451 1902 1475 1941 si
1491 1917 1571 1942 non
1585 1905 1742 1944 haeserit
1757 1908 1878 1956 malo,

280 1957 341 1995 sed
363 1960 533 1995 volvatur
557 1969 618 1995 aut
643 1959 766 2000 saltet-3
802 1960 906 2008 quod
930 1958 955 1996 fi
978 1959 1117 1996 fuerint
1139 1961 1295 2008 gemini,
1327 1959 1530 2008 (praesente
1555 1960 1693 1998 scilicet
1717 1962 1875 2000 Polluce

280 2013 393 2049 fratre
415 2013 514 2060 vivo)
541 2013 652 2060 idque
675 2015 888 2062 tempestate
909 2014 1045 2060 adulta,
1078 2013 1232 2051 salutare
1254 2012 1400 2063 signum
1429 2014 1605 2051 habetur:
1641 2014 1705 2053 Sin
1733 2015 1874 2054 fuerint

280 2078 353 2104 tres
378 2065 669 2116 (superveniente
697 2067 830 2106 scilicet
857 2069 1011 2115 Helena,
1047 2069 1142 2117 peste
1167 2071 1306 2116 rerum)
1328 2067 1444 2118 magis
1463 2067 1541 2105 dira
1561 2068 1756 2108 incumbet
1778 2080 1873 2109 tem·

280 2121 409 2170 pestas:
461 2120 617 2159 Videtur
654 2122 738 2159 sane
774 2122 915 2170 unicus,
964 2123 1118 2160 crudam
1158 2121 1357 2172 significare
1393 2122 1587 2160 materiam
1624 2125 1876 2174 tempestatis;

278 2176 424 2225 duplex,
453 2174 551 2224 quafi
573 2178 718 2214 coctam
733 2179 770 2214 ὅ(
785 2188 992 2219 maturam3
1021 2176 1152 2227 triplex
1175 2179 1233 2216 vel
1246 2176 1455 2226 multiplex,
1483 2179 1630 2227 copiam
1651 2190 1762 2228 aegre
1775 2177 1873 2218 diffi-

277 2231 451 2281 pabilem.

332 2294 398 2332 44.
431 2286 477 2321 S1
502 2283 773 2336 conspiciantur
787 2286 905 2323 nubes
919 2285 1006 2323 ferri
1018 2284 1202 2323 incitatius
1220 2287 1332 2324 coelo
1342 2285 1486 2333 sereno,
1515 2287 1755 2336 expedientur
1769 2289 1875 2328 venti

281 2338 328 2373 ab
351 2350 391 2374 ea
414 2348 528 2388 parte,
564 2351 584 2374 a
606 2351 678 2386 qua
703 2339 873 2377 feruntur
896 2341 1025 2377 nubes.
1083 2342 1199 2392 Qiod
1222 2340 1248 2377 fi
1270 2341 1524 2390 globabuntur
1548 2343 1583 2378 ὃ(
1606 2342 1877 2390 glomerabunt

281 2389 401 2437 simul,
429 2403 517 2428 cum
530 2391 585 2428 sol
599 2393 945 2444 appropinquaverit
960 2396 1004 2431 acl
1023 2407 1104 2431 eam
1118 2405 1278 2446 partem,
1305 2394 1345 2432 in
1360 2406 1432 2442 qua
1450 2396 1666 2444 globantur,
1694 2397 1873 2450 incipient

279 2444 429 2486 discuti3
450 2447 552 2494 quod
566 2444 591 2482 si
607 2445 844 2485 discutientur
859 2449 973 2499 magis
987 2448 1110 2487 versus
1125 2450 1292 2497 boream,
1319 2447 1495 2498 fignificat
1510 2461 1686 2490 ventum:
1709 2450 1737 2490 fi
1751 2453 1879 2492 versus

279 2499 452 2546 austrum,
480 2499 628 2551 pluvias.

331 2564 398 2602 45.
430 2555 452 2591 S
464 2565 477 2591 1
492 2553 686 2593 occidente
702 2555 790 2602 sole,
819 2557 935 2595 nubes
950 2556 1118 2594 oriantur
1131 2568 1231 2595 atrae
1244 2568 1306 2595 aut
1316 2558 1449 2605 fuscae,
1476 2558 1638 2598 imbrem
1652 2560 1856 2611 significant
1866 2572 1882 2600 τ’

285 2608 324 2645 Si
336 2607 504 2646 adversus
519 2608 648 2656 solem,
667 2608 706 2646 in
721 2609 868 2647 oriente
882 2611 1014 2649 scilicet
1030 2613 1161 2650 eadem
1175 2612 1298 2661 noete,
1318 2611 1345 2650 fi
1356 2614 1456 2659 juxta
1470 2613 1590 2652 solem
1602 2616 1649 2653 ab
1666 2615 1875 2665 occidente,

280 2662 319 2698 in
334 2661 520 2714 posterum
535 2662 635 2700 diem
651 2677 737 2700 cum
753 2664 881 2702 ventis.

331 2718 399 2765 46.
429 2719 744 2768 LIQUIDATIO,
773 2717 843 2757 five
867 2720 1099 2758 disserenatio
1118 2721 1214 2759 coeli
1235 2722 1354 2761 nubili
1378 2723 1556 2776 incipiens
1574 2726 1613 2761 in
1637 2725 1872 2765 contrarium

281 2770 393 2818 venti,
414 2770 475 2820 qui
489 2771 565 2818 flat,
581 2771 813 2811 serenitatem
825 2772 1019 2824 significats
1040 2775 1099 2812 sed
1114 2789 1135 2813 a
1148 2787 1252 2829 parte
1266 2777 1472 2817 ventinihil
1485 2778 1636 2827 indicat,
1659 2778 1722 2817 sed
1733 2779 1875 2818 incerta

278 2837 334 2861 res
349 2826 407 2862 cst.
530 2867 534 2871 ,

310 2889 398 2939 ,ις’-7.
430 2881 847 2920 CoNsmanNTUR
875 2884 1100 2934 quandoque
1128 2887 1264 2938 plures,
1301 2886 1416 2925 veluti
1442 2898 1610 2924 camerae
1637 2898 1701 2926 aut
1729 2889 1873 2939 contig-

280 2944 449 2992 nationes
485 2934 654 2982 nubium,
697 2938 832 2974 alterae
868 2938 974 2989 super
1002 2941 1133 2984 alteras
1163 2939 1220 2990 (ut
1255 2941 1458 2990 aliquando
1491 2941 1658 2990 quinque
1690 2940 1797 2981 simu-l
1829 2945 1875 2990 ,se

280 2987 414 3035 vidisse,
451 2991 487 3026 ὅ(
510 2990 649 3027 ηοωίίὲ
669 2987 829 3029 affirmet
853 2992 1053 3042 Gilbertus)
1079 2997 1116 3032 &
1139 2995 1281 3047 semper
1304 2995 1458 3033 atriores
1481 2995 1566 3033 sunt
1589 2995 1751 3045 infimae,
1785 2997 1874 3036 licet.

281 3044 506 3092 quandoque
535 3043 634 3083 secus
661 3057 841 3097 appareat,
884 3047 968 3096 quia
996 3048 1226 3087 candidiores
1262 3049 1378 3089 visum
1406 3050 1523 3099 magis
1552 3050 1737 3090 lacess'unt.
1794 3054 1873 3090 Du-

1790 3108 1873 3158 plex

1845 3215 1873 3259 Ξ
