1973 3570
394 183 815 239 HISTORIA
869 181 1426 236 VENTORUM..
1783 191 1810 234 6

1821 225 1843 250 'a
1823 206 1842 218 J

108 441 910 504 JMJTAMENTA
991 439 1677 503 VENTORUM'.

536 647 613 697 Ad
653 649 991 699 ARTICULUM
1029 645 1246 699 XXXIII„

642 815 1136 853 CONNEXIO.

160 938 175 974 Ι
200 939 372 975 animum
398 937 575 974 homines
599 937 777 974 inducere
809 937 954 987 possent
984 948 1024 975 ut
1048 938 1394 987 contemplationes
1416 938 1507 985 suaS,
1546 941 1588 976 in
1617 939 1697 977 sub<

180 993 278 1038 jecto
310 991 373 1029 fibi
397 990 603 1044 proposito,
633 1003 715 1029 non
745 994 910 1029 nimium
935 992 1093 1041 figerent
1119 996 1155 1030 ὃ(
1175 1005 1318 1030 caetera
1333 1004 1513 1042 tanquam
1543 1007 1698 1047 parerga

78 1049 302 1093 rejicerent3
333 1060 403 1084 nec
427 1046 521 1084 circa
545 1047 667 1098 ipsum
689 1046 895 1090 subjectum
920 1048 959 1083 in
986 1046 1191 1093 infinitum,
1222 1050 1258 1084 ὅ(
1274 1049 1497 1097 plerumque
1512 1048 1697 1088 inutiliter

77 1103 360 1143 subtilizarent3
391 1102 679 1150 haudquaquam
711 1103 795 1139 talis
824 1103 943 1150 qualis
970 1101 1077 1148 solet,
1116 1114 1316 1151 occuparet
1340 1102 1438 1151 ipsos
1466 1102 1603 1153 stupor,
1635 1106 1695 1142 sed

73 1158 339 1196 transferendo
354 1155 601 1206 cogitationes
620 1156 696 1194 suas
719 1160 756 1195 ὅ(
778 1156 1026 1194 discurrendo
1051 1159 1213 1207 plurima
1234 1159 1449 1195 invenirent
1475 1159 1515 1194 in
1544 1160 1696 1209 longin-

26 1219 28 1221 ’
72 1225 260 1262 quoquae
278 1224 396 1262 prope
417 1213 546 1249 latent.
607 1213 734 1260 Itaque
750 1223 791 1250 ut
817 1215 855 1249 in
882 1214 962 1258 jure
986 1213 1098 1261 civili,
1127 1212 1177 1250 ita
1201 1215 1240 1249 in
1268 1214 1348 1259 jure
1369 1221 1536 1261 naturae,
1564 1225 1695 1264 proce—

72 1269 242 1306 dendum
258 1267 388 1306 animo
405 1267 534 1317 sagaci,
564 1268 610 1304 ad
627 1265 758 1305 similia
775 1271 811 1305 ὅ(
828 1267 1054 1305 conformia.

59 1356 63 1359 .
133 1335 165 1361 1.
199 1326 383 1362 FoLLi-:s
410 1323 506 1372 apud
523 1322 698 1360 homines
718 1323 844 1360 AEoli
864 1334 965 1360 utres
986 1323 1092 1361 sunt:
1124 1324 1225 1361 unde
1241 1329 1399 1361 ventum
1416 1323 1695 1374 quis‘p'romere

72 1375 200 1429 poffit,
230 1392 301 1429 pro
317 1379 479 1416 modulo
497 1376 638 1415 nostro.
683 1377 817 1430 *Etiam
846 1377 1040 1416 interstitia
1070 1382 1106 1417 ὃς
1129 1379 1253 1416 fauces
1276 1378 1482 1427 montium,
1513 1383 1550 1417 ὃς
1573 1380 1697 1417 aedifi-

74 1436 222 1473 ciorum
238 1435 435 1481 anfractus,
464 1446 545 1471 non
575 1432 643 1471 alia
663 1432 749 1471 sunt
778 1447 892 1483 quam
921 1435 1033 1472 folles
1058 1436 1231 1479 majores.
1290 1436 1333 1471 In
1358 1434 1425 1472 usu
1452 1446 1580 1473 autem
1609 1435 1695 1473 sunt

71 1490 184 1527 folles
211 1491 421 1539 praecipue,
459 1500 522 1527 aut
551 1490 596 1527 ad
625 1489 892 1527 excitationem
922 1490 1174 1537 flammarum,
1215 1501 1277 1527 aut
1303 1490 1348 1526 ad
1377 1502 1519 1540 organa
1543 1489 1691 1529 musica.

63 1544 236 1583 follium
266 1555 392 1583 autem
417 1546 514 1581 ratio
543 1543 602 1591 est,
633 1555 673 1583 ut
696 1545 827 1595 sugant
856 1548 981 1583 aerem
1010 1557 1166 1597 propter
1191 1547 1384 1584 rationem
1408 1546 1525 1594 vacui,
1557 1547 1612 1594 (ut
1637 1548 1693 1584 lo·

73 1599 259 1651 quuntur)
283 1604 322 1639 ὅ(
345 1600 519 1637 emittant
548 1613 614 1650 per
637 1597 972 1650 compressionem.
1541 1649 1545 1652 μ

129 1667 164 1694 2.
196 1657 368 1694 ETIAM
394 1655 550 1692 flabellis
582 1658 726 1693 utimur
755 1657 993 1694 manualibus
1022 1657 1067 1694 ad
1098 1656 1316 1694 faciendum
1338 1660 1498 1695 ventum
1526 1660 1564 1695 δὲ
1588 1656 1692 1694 refri-

70 1708 182 1761 geria,
211 1711 445 1761 impellendo
464 1710 712 1749 solummodo
728 1714 853 1748 a'erem
875 1713 1021 1749 leniter.

130 1777 166 1818 3.
195 1768 265 1804 DE
294 1767 591 1804 coenaculorum
620 1766 842 1805 aestivorum
874 1767 1091 1817 refrigeriis,
1130 1764 1313 1816 quaedam
1344 1766 1539 1818 posuimus
1568 1768 1609 1804 in
1636 1780 1691 1817 res

73 1821 213 1874 sponso
236 1823 281 1860 ad
309 1823 413 1859 artic.
430 1823 476 1859 ix.
508 1822 662 1859 Poss'unt
683 1824 845 1860 inveniri
867 1824 929 1859 alii
950 1823 1057 1860 modi
1079 1825 1197 1872 magis
1218 1825 1391 1869 accurati,
1420 1822 1638 1874 praesertim
1666 1821 1693 1862 fi

72 1878 227 1915 follium
255 1878 376 1914 modo
406 1878 543 1915 alicubi
566 1877 769 1915 attrahatur
799 1879 872 1925 a'e²r,
903 1879 1039 1916 alicubi
1070 1880 1274 1916 emittatur.
1333 1878 1405 1915 Sed
1437 1891 1479 1915 ea
1499 1879 1692 1928 quaejam

75 1935 116 1971 in
136 1932 203 1971 usu
225 1932 310 1970 sunt
331 1930 377 1969 ad
396 1930 605 1985 fimplice‘m
627 1930 950 1985 compressionem
970 1940 1120 1971 tantum
1142 1933 1368 1971 referuntur.

125 1998 164 2038 4.
196 1989 389 2025 FLATUS
419 1990 459 2024 in
484 1988 741 2026 microcosmo
761 1992 798 2026 δί
823 1990 1060 2036 animalibus,
1088 2001 1176 2026 cum
1196 1990 1318 2027 ventis
1339 1990 1379 2025 in
1402 1989 1553 2026 mundo
1573 1989 1691 2035 majo-

72 2054 113 2081 re
132 2045 279 2096 optime
300 2045 562 2084 conveniunt3
593 2056 681 2081 nam
710 2047 748 2082 ὅ(
778 2057 820 2082 ex
841 2045 1004 2082 humore
1030 2047 1251 2095 gignuntur,
1281 2047 1318 2081 δε
1339 2056 1427 2081 cum
1450 2044 1611 2082 humore
1641 2046 1689 2082 al-

73 2109 239 2146 ternant,
268 2108 311 2136 ut
336 2099 479 2135 faciunt
495 2101 597 2137 venti
615 2102 651 2136 ὃ(
666 2101 838 2151 pluviae3
868 2102 905 2137 δ(
929 2113 948 2137 a
975 2102 1100 2137 calore
1125 2100 1286 2137 fortiore
1308 2096 1531 2151 dissipantur
1552 2102 1590 2136 ὅ(
1608 2112 1689 2151 per-

73 2154 225 2206 spirant.
283 2153 348 2190 Ab
378 2154 451 2190 illis
478 2165 603 2191 autem
632 2155 890 2193 transferenda
920 2155 969 2193 est
1002 2167 1102 2193 certe
1131 2168 1171 2192 ca
1207 2155 1419 2192 observatio
1450 2155 1495 2191 ad
1521 2165 1688 2196 ventos3

72 2210 179 2258 quod
198 2209 338 2246 scilicet
363 2210 570 2258 gignantur
592 2210 711 2256 flatus,
741 2223 784 2247 ex
815 2213 972 2248 materia
992 2221 1087 2259 quae
1116 2211 1179 2247 dat
1204 2221 1384 2261 vaporem
1403 2219 1587 2255 tenacem,
1617 2217 1689 2247 nec

71 2261 182 2302 facile
201 2261 467 2305 resolubilem3
506 2276 546 2302 ut
574 2265 678 2302 fabae
709 2268 744 2302 &
770 2266 962 2315 legumina
989 2269 1026 2302 ἃ
1056 2266 1220 2304 fruetus
1259 2264 1364 2312 quod
1393 2265 1520 2311 etiam,
1550 2265 1689 2302 eodem

73 2320 197 2357 modo
216 2319 253 2356 se
269 2319 379 2357 habet
394 2321 435 2356 in
454 2322 576 2358 ventis
596 2320 814 2364 majoribus.

133 2386 167 2424 5.
199 2376 252 2412 IN
269 2373 516 2412 destillatione
526 2376 681 2422 vitrioli,
708 2378 744 2412 ὅ(
765 2377 927 2413 aliorum
943 2371 1141 2412 foslilium.
1170 2387 1264 2424 quae
1286 2373 1370 2411 sunt
1386 2376 1504 2424 magis
1519 2373 1686 2421 flatuosa‚

75 2443 171 2483 opus
191 2429 240 2467 est
255 2432 495 2479 receptaculis
510 2431 616 2468 valde
632 2432 837 2482 capacibus,
866 2433 904 2468 &
919 2432 1065 2482 amplis,
1095 2431 1236 2479 alioqui
1258 2429 1519 2479 effringentur.

131 2486 167 2523 6.
197 2487 402 2524 VENTUS
427 2485 542 2523 faetus
557 2498 599 2523 ex
621 2487 726 2522 nitro
747 2485 948 2523 commisto
969 2488 1009 2523 in
1034 2486 1186 2537 pulvere
1201 2487 1312 2537 pyrio
1335 2496 1546 2537 erumpens,
1577 2487 1615 2523 δε
1631 2487 1686 2522 in·

75 2541 170 2579 flans
190 2541 396 2587 flammam,
426 2551 559 2579 ventos
580 2543 621 2579 in
642 2541 818 2579 universo
840 2542 1014 2592 (exceptis
1034 2539 1257 2589 fulminofis)
1287 2552 1369 2577 non
1389 2532 1540 2580 trintum
1564 2541 1684 2578 imita-

75 2605 151 2643 tur,
180 2596 242 2634 sed
263 2606 450 2647 exuperat.

129 2661 166 2699 7.
195 2652 269 2689 HU
274 2664 295 2702 J
306 2663 358 2688 us
377 2661 506 2689 autem
525 2652 622 2689 vires
642 2662 867 2704 premuntur
887 2652 928 2688 in
957 2651 1140 2689 machinis
1159 2650 1347 2697 humanis,
1377 2660 1417 2688 ut
1439 2652 1479 2688 in
1509 2651 1686 2688 bombar-

76 2704 134 2744 dis
155 2709 192 2744 δ(
215 2707 410 2753 cuniculis,
440 2709 477 2744 ὅ(
506 2707 684 2744 domibus
709 2708 926 2759 pulverariis
950 2705 1131 2746 inccnfis;
1161 2716 1290 2743 utrum
1311 2716 1450 2752 autem,
1480 2704 1505 2743 fi
1533 2708 1573 2742 in
1602 2708 1685 2742 aere

76 2772 221 2814 aperto,
262 2773 399 2811 magna
423 2762 586 2813 pulveris
618 2764 716 2814 pyrii
740 2763 861 2799 moles
888 2762 1037 2799 incensa
1060 2761 1158 2807 css'et,
1200 2771 1358 2799 ventum
1386 2773 1430 2798 ex
1454 2763 1549 2798 a'eris
1582 2772 1686 2797 com-

74 2818 264 2865 motione,
293 2818 408 2853 etiam
434 2817 479 2854 ad
502 2817 627 2869 plures
645 2817 757 2855 horas
781 2818 982 2854 excitatura
1010 2817 1108 2864 efl'et,
1139 2817 1316 2854 nondum
1343 2818 1447 2856 venit
1482 2818 1522 2852 in
1544 2817 1684 2867 experi-

78 2883 266 2909 mentum.

133 2926 168 2964 8.
200 2929 359 2965 [ΑΤΒΥ
391 2927 538 2979 spiritus
566 2926 754 2973 fumosus,
795 2929 831 2964 &
860 2925 1072 2979 expanfivus
1105 2927 1145 2964 in
1182 2938 1342 2976 argento
1376 2928 1477 2971 vim,
1515 2924 1611 2962 adeo
1642 2936 1685 2963 ut

79 2982 273 3032 pulverem
302 2984 453 3034 pyrium
485 2981 540 3029 (ut
569 2982 723 3030 quidam
751 2982 905 3033 volunt)
935 2984 1117 3029 imitetur,
1162 2985 1199 3019 δε
1227 2994 1360 3032 parum
1388 2993 1430 3017 ex
1460 2992 1508 3017 eo
1539 2982 1685 3029 pulveri

79 3037 190 3087 pyrio
217 3036 429 3084 admistum,
459 3050 547 3076 eum
582 3036 711 3076 reddat
739 3037 952 3076 fortiorem.
1013 3039 1138 3075 Etiam
1162 3037 1208 3074 de
1238 3050 1331 3074 auro
1362 3037 1571 3084 loquuntur
1600 3036 1685 3082 eliy-

84 3105 102 3140 3
1550 3088 1688 3135 mistae,
