1973 3570
234 151 1132 215 HIST.oR1A'-SON1E·T
1185 161 1581 220 ΑυῡῙΤυε.

120 268 332 309 -UTRUM
346 265 486 314 aliquid
502 263 544 302 fit
564 267 605 302 in
621 264 832 304 ascensione
852 265 935 303 soni
953 265 1118 314 sursum,
1137 276 1199 304 aut
1215 268 1255 304 in
1277 267 1515 306 descensione
1532 269 1612 309 soni
1633 272 1694 311 dc·

87 322 227 369 orsum,
256 321 360 371 quod
377 320 514 358 sonum
538 330 761 369 promoveat
777 322 817 357 in
840 322 1007 367 ulterius,
1037 332 1099 359 aut
1120 321 1250 360 ceflhre
1269 322 1377 360 faciat
1399 327 1582 373 proprius,
1613 340 1694 366 non

85 376 236 415 constat.
293 376 461 414 Auditur
483 375 638 424 quidem
656 377 766 426 plane
791 375 916 423 sonus,
945 374 971 412 fi
994 378 1078 424 quis
1092 389 1136 414 ex
1163 378 1236 413 alta
1259 377 1413 415 fenestra
1436 389 1499 416 aut
1515 383 1609 417 turri
1634 383 1688 419 10-

85 442 233 481 quatur,
261 432 308 469 ab
331 433 376 468 iis
390 430 455 480 qui
476 429 570 468 stant
588 429 627 467 in
643 431 746 471 solo;
777 432 814 468 δε
835 441 986 477 contra,
1012 432 1132 469 editus
1158 432 1203 468 ab
1223 434 1267 471 iis
1287 434 1353 481 qui
1380 434 1419 470 in
1436 433 1520 470 solo
1539 434 1643 482 stant,
1672 450 1692 474 a

88 485 256 534 scnestra,
289 497 353 524 aut
375 487 491 524 turri:
531 484 592 522 sed
617 485 663 523 ab
686 487 778 523 utris
798 485 951 533 facilius,
982 497 1045 524 aut
1068 488 1232 537 longiuS‚
1261 487 1309 524 dc
1331 500 1379 525 eo
1402 490 1613 537 inquiratur
1638 493 1689 528 ul-

84 544 211 580 terius.

106 617 108 619 >
138 598 331 635 Sommr
347 597 387 633 in
402 594 650 633 concionibus
669 595 835 645 usurpari
856 595 1032 646 suggesta,
1060 598 1096 634 ὅ(
1115 595 1154 634 in
1170 598 1420 635 concionibus
1441 599 1692 650 imperatoriis

83 652 298 690 monticelli
314 664 357 688 ex
371 650 581 699 cespitibus,
612 650 673 687 sed
689 652 849 689 minime
870 661 999 689 tamen
1013 664 1078 702 per
1093 652 1184 689 h‘aec
1199 651 1379 690 evincitur
1394 652 1531 690 sonum
1547 654 1692 692 facilius

83 707 259 753 defluere,
287 717 400 754 quam
424 705 635 754 insurgere3
664 708 848 754 quoniam
868 707 977 753 hujus
1000 709 1053 744 rei
1070 703 1183 757 possit
1208 707 1277 745 ess'e
1299 708 1406 745 causa
1424 707 1517 745 liber
1537 710 1578 745 in
1601 711 1692 748 loco

83 763 218 799 altiore
240 763 312 807 a'et,
341 773 413 797 nec
435 760 635 809 obstipatus
659 773 721 798 aut
742 762 955 813 impeditus,
985 772 1026 800 ut
1045 762 1087 799 fit
1111 763 1207 799 infra
1230 765 1273 799 in·
1294 764 1424 804 turba;
1463 768 1542 800 non
1564 775 1690 802 autem

82 826 212 855 motus
237 817 445 868 proclivior
467 817 508 852 in
530 814 719 853 deorsum.
777 817 904 865 Itaque
935 819 975 854 in
1000 818 1075 855 hoc
1093 819 1355 869 experimento
1377 830 1460 855 non
1485 819 1690 867 acquiescat

83 872 371 921 contemplatio,
400 870 461 908 sed
474 870 537 908 fiat
553 873 854 920 experimentum
868 873 932 909 ubi
949 883 1091 910 caetera
1110 871 1180 909 fint
1195 874 1303 922 paria.

106 953 112 958 -
131 927 224 965 :V1s
239 926 324 964 soni
346 927 526 977 excipitur
541 935 623 963 tota
645 927 685 963 in
700 928 865 974 qualibet
888 938 990 977 parte
1004 928 1110 975 aeris,
1139 940 1220 965 non
1243 938 1325 965 tota
1340 929 1380 964 in
1395 938 1483 966 toto
1498 931 1592 976 a'ere,
1622 929 1689 967 nisi

80 982 255 1020 foramen
270 991 332 1019 aut
347 992 490 1018 meatus
504 981 617 1018 fuerit
631 982 737 1018 valde
751 983 875 1022 exilis;
905 994 994 1019 nam
1008 980 1034 1019 fi
1048 982 1113 1019 stet
1126 984 1209 1031 quis
1224 985 1264 1020 in
1279 984 1368 1020 loco
1383 985 1511 1031 aliquo
1527 986 1689 1023 maxime

82 1036 220 1084 clauso,
248 1039 301 1074 ita
316 1046 356 1074 ut
371 1048 452 1073 non
467 1046 636 1085 penetret
649 1035 761 1073 sonus
776 1038 953 1083 omnino,
984 1037 1096 1085 idque
1112 1039 1151 1073 in
1167 1050 1388 1085 quacunque
1400 1050 1502 1088 parte
1518 1039 1689 1089 sphaerae

83 1091 181 1139 soni,
210 1095 246 1129 &
266 1091 328 1129 fiat
351 1091 525 1128 foramen
546 1102 713 1140 parvum,
741 1102 814 1128 vox
837 1092 1029 1128 articulata
1048 1092 1204 1128 intrabit
1229 1104 1295 1143 per
1321 1094 1415 1129 illud
1437 1094 1621 1140 foramen,
1651 1098 1692 1133 ὃς

82 1147 248 1195 denique
266 1159 332 1198 per
358 1156 417 1183 tot
438 1146 626 1182 foramina
646 1155 740 1193 quot
760 1147 940 1194 placuerit
966 1147 1149 1183 terebrare
1176 1158 1240 1195 per
1261 1146 1475 1183 universum
1502 1149 1690 1187 ambitum

30 1234 33 1236 .
84 1201 257 1253 sphaerae
281 1199 385 1238 soni:
425 1201 483 1239 Ut
510 1200 747 1236 manifestum
772 1200 813 1237 fit
838 1210 962 1237 totam
990 1202 1092 1237 illam
1120 1202 1422 1238 articulationcm
1447 1201 1528 1238 soni
1552 1203 1691 1241 deferri

82 1259 267 1305 integram
278 1267 344 1306 per
358 1254 583 1292 minusculas
595 1256 676 1292 illas
686 1265 809 1304 partes
821 1257 924 1302 a'e'ris,
944 1268 1026 1293 non
1041 1257 1168 1294 minus
1180 1268 1293 1305 quam
1310 1254 1335 1293 fi
1347 1259 1405 1294 ae'r
1421 1257 1506 1294 ess'et
1519 1258 1687 1307 undique

80 1321 240 1362 apertus

88 1392 92 1395 .
134 1366 529 1404 ATTENDENDUM
544 1377 672 1404 tamen
692 1365 752 1412 est,
782 1377 911 1404 utrum
926 1367 1010 1405 soni
1029 1367 1122 1404 editi
1142 1380 1184 1405 ex
1198 1367 1468 1420 pulsationibus
1483 1369 1688 1413 majoribus

82 1422 176 1459 a'etis
196 1421 340 1470 (quales
363 1420 460 1458 fiunt
484 1433 526 1458 ex
549 1419 838 1473 displosionibus
857 1423 1175 1485 bombardarum)
1191 1436 1274 1461 non
1296 1424 1495 1461 deveniant
1516 1426 1690 1461 exiliores

80 1489 171 1514 cum
198 1475 340 1513 intrent
364 1476 428 1512 illa
448 1487 557 1525 parva
579 1477 778 1514 foramina.
837 1477 1067 1514 Subtilitates
1087 1480 1191 1515 enim
1215 1478 1399 1516 sonorum
1422 1478 1522 1516 forte
1549 1480 1690 1517 intrare

81 1531 230 1584 poffimt
249 1543 332 1569 non
353 1531 541 1578 confusae,
570 1531 633 1569 sed
656 1531 847 1570 universus
861 1532 989 1582 fragor
1012 1534 1245 1581 neutiquam.
1300 1535 1361 1571 De
1384 1533 1458 1571 hoc
1477 1535 1688 1583 inquiratur

81 1585 248 1625 ulterius.

88 1667 89 1670 =
132 1644 290 1681 RAD11
306 1653 512 1692 corporum
535 1640 736 1680 visibilium
759 1654 840 1680 non
856 1642 997 1680 feriunt
1013 1642 1171 1691 sensum,
1201 1642 1269 1681 nisi
1291 1644 1507 1681 deserantur
1521 1657 1586 1696 per
1610 1657 1687 1682 me-

81 1697 188 1735 dium
211 1699 255 1734 in
281 1698 477 1743 dircstum,
514 1699 551 1734 δε
576 1696 810 1747 interpositio
834 1697 1002 1748 corporis
1040 1700 1146 1748 opaci
1175 1700 1215 1736 in
1240 1700 1340 1736 linea
1364 1699 1461 1736 reeta
1494 1700 1687 1751 intercipit

80 1751 213 1799 visum,
242 1753 330 1789 licet
350 1753 420 1789 alia
442 1754 608 1790 omnino
627 1753 766 1790 fuerint
787 1753 1035 1802 undequaque
1055 1764 1190 1803 aperta.
1246 1755 1392 1792 Verum
1416 1754 1540 1801 sonus,
1577 1752 1603 1791 fi
1624 1755 1688 1791 de·

82 1817 146 1844 tur
166 1808 319 1854 delatio,
356 1809 415 1846 vel
440 1818 596 1853 meatuS,
633 1809 692 1846 vel
721 1809 910 1845 arcuando
937 1821 1002 1860 per
1026 1808 1181 1857 sursum,
1218 1810 1276 1846 vel
1303 1809 1445 1847 inversa
1469 1810 1687 1847 arcuatione

81 1875 149 1915 per
170 1862 358 1909 deorsum,
395 1863 455 1900 vel
475 1863 686 1909 lateraliter,
722 1864 781 1900 vel
807 1865 921 1900 etiam
943 1862 1137 1911 finuando,
1175 1877 1257 1901 non
1282 1866 1391 1914 perit,
1422 1864 1482 1901 sed
1503 1864 1693 1914 pervenit.‘

82 1918 267 1955 Attamen
286 1917 450 1954 arbitror
474 1917 609 1955 fortius
633 1918 770 1955 deferri
791 1918 926 1956 sonum
949 1931 1014 1968 per
1034 1920 1150 1956 lineas
1165 1920 1320 1956 directas
1342 1921 1441 1956 inter
1456 1920 1688 1969 pulsationes

81 1975 282 2018 &taurenn
323 1975 360 2009 ὃ(
382 1972 503 2021 frangi
527 1974 705 2010 nonnihil
735 1975 921 2023 impetum
947 1986 1012 2023 per
1032 1976 1265 2011 arcuationcs
1288 1976 1326 2012 &
1347 1986 1413 2023 per
1436 1972 1695 2015 sinuationes;'

79 2028 199 2066 veluti
217 2025 243 2064 fi
265 2029 381 2076 paries
405 2025 446 2064 fit
467 2029 564 2065 inter
587 2028 809 2076 loquentem
835 2031 871 2066 <Se
894 2030 1122 2075 audientem,
1160 2030 1321 2067 arbitror
1343 2041 1478 2066 vocem
1503 2041 1583 2066 non
1606 2039 1689 2067 tam

80 2083 178 2120 bene
202 2081 364 2120 exaudiri
379 2094 492 2131 quam
510 2081 537 2119 fi
551 2083 683 2120 abcss'et
706 2085 834 2133 paries.
891 2084 1072 2121 Arbitror
1087 2086 1201 2122 etiam
1216 2082 1242 2121 fi
1261 2085 1375 2134 paulo
1390 2085 1540 2134 longius
1564 2085 1683 2122 collo-

80 2142 196 2184 cetur,
224 2139 284 2175 vcl
298 2139 470 2186 loquens,
499 2138 558 2174 vel
573 2138 726 2175 audiens
741 2151 760 2175 a
775 2140 927 2188 pariete,
955 2140 1091 2176 melius
1107 2139 1270 2176 exaudiri
1285 2151 1419 2177 vocem
1435 2150 1549 2187 quam
1564 2150 1683 2189 prope

79 2194 273 2243 parietem,
302 2195 389 2241 quia
414 2194 580 2230 arcuatio
598 2202 706 2231 tanto
726 2195 853 2232 minus
877 2194 953 2231 abit
968 2206 989 2231 a
1010 2195 1110 2232 linea
1132 2194 1240 2233 rcc‘ia.
1296 2195 1442 2233 Verum
1465 2194 1511 2230 dc
1530 2194 1605 2233 hoc
1627 2195 1683 2232 in-

81 2248 247 2297 quiratur
261 2249 429 2286 ulterius.

135 2302 350 2340 ADMOTA
371 2316 458 2343 aure
473 2304 517 2340 ad
542 2305 702 2342 alterum
722 2305 931 2341 terminum
954 2304 1036 2341 tubi
1052 2303 1217 2349 alicuhis,
1246 2312 1308 2340 aut
1329 2304 1407 2341 cavi
1422 2305 1547 2341 trunci
1562 2303 1681 2354 longi,

83 2360 135 2397 ὅ(
143 2369 235 2396 voce
254 2357 421 2396 lubmiffa
443 2359 488 2396 ad
504 2360 663 2396 alterum
686 2359 875 2397 orificium
897 2359 1020 2405 tubae,
1051 2358 1216 2395 exaudiri
1240 2353 1353 2409 possit
1369 2370 1440 2396 vox
1463 2359 1557 2404 talis,
1588 2371 1683 2407 quae

80 2413 213 2451 eadem
230 2409 472 2451 lubmiss'lonc
488 2415 586 2451 edita
601 2415 646 2452 ad
662 2416 782 2451 aerem
799 2424 968 2476 apertum
984 2425 1064 2450 non
1080 2414 1321 2462 pertingeret,
1350 2425 1420 2450 nec
1436 2414 1682 2451 exaudiretur.

82 2468 205 2510 Unde
231 2469 362 2517 liquet,
400 2468 605 2507 clausuram
629 2471 733 2507 illam
757 2471 849 2507 ae'ris
869 2469 1038 2507 conferre
1059 2468 1105 2505 ad
1127 2467 1382 2533 deferendam
1390 2480 1526 2506 vocem
1549 2468 1685 2518 absque

81 2521 313 2568 confusione.

136 2580 302 2616 ETIAM
331 2581 546 2617 communis
565 2580 614 2618 est
633 2582 779 2630 opinio,
818 2581 952 2617 melius
978 2579 1140 2617 exaudiri
1161 2590 1309 2626 vocem,
1348 2580 1500 2616 caeteris
1523 2579 1683 2628 paribus»,

82 2632 263 2676 sub-tecto
277 2646 391 2683 quam
408 2635 472 2672 sub
487 2635 575 2672 dio:
604 2646 732 2673 utrum
746 2648 837 2674 vero
853 2636 986 2672 melius
1001 2635 1214 2672 exaudiatur
1228 2646 1312 2680 vox,
1341 2645 1428 2671 aure
1441 2635 1626 2671 collocata
1642 2636 1683 2670 in

83 2700 226 2741 aperto,
255 2702 347 2727 voce
367 2692 407 2727 in
422 2690 546 2730 team
574 2701 636 2727 aut
656 2702 799 2738 contra,
830 2702 917 2727 aure
934 2691 973 2727 in
993 2689 1107 2737 tecto,
1135 2701 1228 2727 voce
1243 2690 1284 2725 in
1299 2698 1444 2739 aperto,
1472 2690 1682 2737 inquiratur

83 2743 255 2783 ulterius:
284 2746 370 2782 licet
385 2746 497 2782 etiam
515 2747 555 2781 in
570 2745 644 2782 hoc
657 2744 871 2783 communis
886 2743 928 2782 fit
943 2746 1090 2796 opinio,
1119 2745 1253 2782 melius
1277 2745 1441 2782 exaudiri
1464 2753 1559 2792 quae
1584 2744 1682 2780 foras

84 2798 168 2839 sum
188 2801 227 2836 in
244 2800 405 2847 aedibus,
434 2811 547 2848 quam
562 2812 657 2848 quae
671 2803 711 2837 in
727 2801 876 2838 aedibus
891 2799 1002 2838 foras
1318 2824 1320 2827 -
1650 2818 1652 2821 v

138 2854 364 2893 CoMMtJN
374 2867 397 2892 E
413 2856 460 2892 est
475 2855 617 2892 auditui
633 2867 674 2892 ac
687 2856 792 2903 vilui,
822 2867 862 2892 ae
877 2856 991 2892 etiam
1006 2855 1262 2904 quadantenus
1277 2855 1428 2892 caeteris
1444 2850 1531 2890 sens
1536 2853 1613 2898 bus
1641 2861 1683 2888 ut

86 2909 249 2959 intentio
263 2911 381 2947 animi
397 2910 588 2947 sentientis
609 2913 645 2947 δε
659 2911 815 2948 direftio
836 2910 992 2962 expressa
1015 2911 1059 2948 ad
1074 2910 1358 2962 percipiendum
1373 2907 1576 2946 nonnihil
1568 2918 1629 2951 juv
1631 2916 1680 2954 ct,

85 2973 126 2999 ut
139 2970 227 3001 'cum
241 2966 325 3012 quis
340 2963 489 3015 dirigit
481 2967 678 3011 intuitum,
707 2975 769 3003 aut
791 2966 846 3012 (ut
861 2966 1085 3013 loquuntur)
1107 2966 1233 3014 arrigit
1248 2974 1362 3002 aures.

139 3019 258 3056 SONI
286 3031 366 3057 non
381 3019 620 3069 perferuntur
639 3033 756 3068 aeque
779 3022 895 3069 longe
918 3019 1110 3067 articulati,
1139 3022 1176 3057 ὅ(
1179 2995 1369 3064 ὓάἰίὶίηᾶὶ,
1399 3028 1511 3065 quam
1533 3015 1680 3066 species,

85 3074 129 3110 ὃ(
144 3067 371 3121 glomeratio
395 3075 562 3124 ipsorum
586 3075 758 3114 confusa:
799 3087 889 3113 nam
911 3075 1077 3127 strepitus
1101 3078 1240 3115 iocum
1260 3073 1422 3112 exaudiri
1449 3072 1578 3121 potest,
1616 3071 1680 3108 ubi

101 3128 173 3165 X
177 3132 244 3164 oL.
263 3129 303 3164 Π
828 3131 854 3168 Β
872 3131 894 3168 b
918 3141 937 3168 2
1568 3135 1681 3163 voces

1742 171 1835 236 1‘95
