1973 3570
743 170 1263 222 INDEX.

206 286 284 314 nam
302 276 427 324 optimi
457 276 500 311 ad
516 287 574 311 cor
600 274 872 315 confortandum,
901 272 977 308 ibid.

205 327 325 363 Odor-es
342 339 382 360 ex
408 325 533 372 plantis
559 324 810 370 vegetantibus,
838 321 978 367 ‘refrige-

207 387 326 416 rantes,
354 374 432 409 ibid.
480 374 630 408 Telluris
652 373 803 413 recentis,
903 370 978 405 ibid.

159 426 297 461 Odorum
331 423 540 458 conservatio
575 422 608 456 in
643 421 713 455 lino
739 423 869 460 lanave,
902 430 981 464 157.

207 473 338 515 ociores,
364 472 536 519 quoddam
545 470 718 506 errhinum
733 471 769 505 &
782 468 979 509 masticatio,

913 517 980 561 165

159 571 252 616 Offize
270 570 362 616 panis
380 570 412 604 in
431 569 524 610 vino,
801 574 880 614 151,
912 566 978 611 163

158 619 270 664 Officia
288 619 377 653 vitae
398 619 465 666 ipsa
483 619 556 653 vita
573 617 721 664 potiora,
914 627 978 660 143

158 669 230 703 Olei
247 667 318 702 usus
335 667 376 703 ad
390 667 653 714 longaevitatem
670 666 816 701 maxime
835 663 980 705 confert,

210 717 287 762 156.
334 717 554 751 Stomachum
574 715 757 756 confortat,
915 713 979 758 163

157 766 264 811 Oleesiz
282 766 340 801 diu
367 766 606 800 conservantur
624 772 812 809 evaporato
841 762 982 798 humore

205 827 323 860 nqueo,
348 814 427 858 156,
450 815 527 858 185.
556 813 666 859 Oleosa
682 814 719 847 δε
731 812 883 861 pinguia,
900 813 979 856 185,

210 864 285 898 186.
340 864 436 911 Qae
468 862 568 906 oleqfis
599 862 716 897 desunt
745 862 979 903 incommoda,

915 912 980 955 185

158 961 308 1007 Oleosttas
325 973 402 995 cum
419 960 541 996 duritie
558 960 741 1002 confertur,
913 959 980 994 160

154 1011 264 1045 Oleum
292 1009 418 1044 tardius
443 1019 620 1057 evaporat,
654 1022 733 1053 114,
765 1018 841 1054 115.
894 1008 980 1044 Cor-

204 1071 328 1107 porum
347 1059 560 1095 substantiam
579 1059 766 1101 conservat,
790 1071 866 1104 155.
900 1059 979 1094 Un-

203 1108 273 1143 etio
290 1120 367 1143 cum
385 1108 456 1150 oleo,
491 1109 568 1154 156,
602 1119 678 1155 157.
730 1108 811 1143 Olea
824 1107 981 1155 chymica

204 1157 470 1204 proscribuntur,
757 1203 760 1206 ,
914 1169 977 1200 142

156 1207 302 1251 Olympus
322 1219 432 1249 mons,
450 1219 611 1243 cacumen
640 1207 708 1254 ejus
735 1207 800 1242 stne
818 1207 925 1243 imbre
944 1208 981 1242 δε

202 1266 320 1298 vento,
932 1267 979 1303 47

155 1305 273 1339 Omma
291 1318 357 1339 11011
378 1306 464 1341 fiunt
481 1318 521 1340 ex
540 1307 715 1348 omnibus,
910 1317 980 1348 224

155 1356 263 1400 Opera
289 1354 416 1389 consilii
452 1355 580 1402 qualia,
611 1366 689 1402 174.
741 1355 868 1390 Terrae
884 1355 979 1401 quid,

207 1415 286 1448 331.
334 1403 434 1445 Solis,
900 1403 977 1439 ibid.

155 1454 263 1497 Opera
281 1453 345 1487 Dei
362 1453 420 1498 qui
438 1462 593 1500 operatur
611 1452 706 1493 felix,
908 1452 979 1498 396

156 1502 311 1547 Operatio
330 1501 426 1547 super
456 1502 587 1547 spiritus
615 1501 756 1548 duplex,
788 1503 867 1546 185,
900 1503 979 1548 187.

203 1551 412 1595 operationes
425 1551 555 1591 decem,
579 1564 656 1595 144.
687 1550 834 1585 Collatio
847 1550 981 1598 spiritus

204 1600 241 1634 &
260 1599 403 1646 vaporis,
436 1607 514 1645 175.
566 1601 775 1646 Operationes
802 1599 900 1647 super
927 1602 979 1635 in-

202 1648 454 1691 temerationem,
479 1650 544 1684 &c.
913 1660 975 1696 171

155 1698 279 1744 Opiatcz
299 1698 464 1745 simplicia
483 1699 520 1733 δε
536 1698 738 1745 composita,
762 1709 838 1744 147.
866 1697 923 1733 Ex
941 1699 981 1734 iis

205 1747 373 1781 medicina
390 1748 431 1781 ad
450 1747 729 1794 longaevitatem,
897 1748 978 1785 ibid.

154 1797 277 1842 Opima
289 1808 431 1842 magnos
441 1796 574 1832 dolores
588 1797 762 1844 mitigant,
782 1796 859 1840 146.
891 1797 979 1833 Nar-

202 1845 321 1887 cotica,
348 1846 580 1893 stupefaffiva,
616 1857 693 1893 147.
733 1846 836 1894 Qasi
854 1849 978 1892 opiam,

202 1894 256 1929 seu
275 1894 465 1930 secundaria
482 1895 519 1930 δε
549 1896 778 1939 subordinata,
805 1895 883 1931 ibid.
933 1897 979 1931 O·

193 1946 321 1989 piatum
338 1944 468 1991 aliquid
486 1945 518 1979 in
536 1945 631 1988 vino,
911 1947 978 1992 165

153 1994 323 2040 Opiniones
341 2006 425 2040 quae
443 2006 533 2030 nunc
551 2005 703 2042 receptae
721 1995 809 2039 sunt,
838 1996 872 2031 in
891 2007 978 2032 tran-

202 2042 261 2077 fitu
280 2043 509 2087 recensendae,
540 2046 571 2080 8.
612 2046 822 2082 Communes
840 2047 977 2081 abolen-

200 2091 277 2134 dae,
907 2098 974 2131 282

152 2142 366 2187 opinantium
402 2143 489 2178 circa
520 2155 631 2179 rerum
670 2145 838 2193 principia
871 2145 978 2181 sectae

201 2200 355 2236 quatuor,
908 2206 978 2240 324

154 2238 282 2284 Optum,
315 2240 393 2283 146.
448 2241 586 2289 Qubus
607 2244 862 2291 corrigendum,
892 2244 975 2288 146,

206 2298 280 2334 147.
331 2289 391 2324 Est
410 2289 572 2337 frigidum
608 2305 669 2340 per
698 2294 865 2337 accidens,
897 2297 976 2338 148.

201 2336 281 2382 Ejus
297 2350 374 2373 cum
392 2339 482 2374 nitro
498 2341 647 2384 collatio,
753 2356 833 2390 149,
859 2344 894 2378 ὅτ
910 2342 975 2390 seq.

151 2384 270 2431 Opium
286 2388 328 2421 ad
346 2388 637 2425 condensationem
657 2391 833 2439 spirituum
862 2393 976 2428 effica-

197 2434 378 2478 ciffimum,
408 2450 483 2483 145.
523 2439 562 2474 111
581 2443 694 2487 pretio
712 2443 803 2489 apud
821 2442 973 2486 Graecos,

198 2483 344 2525 Arabes,
371 2487 513 2531 Turcas,
537 2490 615 2534 146.
652 2491 791 2527 Excitat
802 2504 977 2540 venerem,

198 2532 275 2568 ibid.
324 2534 453 2570 Primas
498 2548 588 2574 tenet
633 2540 666 2575 in
714 2541 974 2577 condens-atione

196 2581 374 2628 spirituum
395 2597 453 2631 per
477 2585 607 2634 sugam,
654 2601 732 2637 149.
785 2590 976 2637 Opiatorum

196 2633 348 2678 acceptio
365 2645 425 2680 per
440 2633 561 2675 fumos,
906 2651 973 2688 147

149 2680 314 2724 Optativa
331 2694 407 2716 cum
429 2685 592 2727 proximis
608 2687 694 2722 circa
711 2699 843 2732 ventos,
927 2690 973 2736 65

149 2730 337 2774 Opticorum
355 2731 654 2771 instrumentorum
683 2738 838 2774 inventio
862 2739 971 2782 utilis,

228 2830 233 2836 .
255 2830 275 2836 ..
476 2831 482 2837 .
508 2831 515 2838 .
902 2799 974 2835 294

148 2828 273 2863 Orbrltz
290 2829 516 2866 Grammatici
533 2841 634 2873 aetas,
904 2850 968 2884 131

147 2878 253 2911 Ort-as
271 2879 419 2922 balenae,
450 2880 594 2928 ingentis
614 2883 723 2925 molis,
904 2898 971 2934 137

147 2926 290 2961 Orcades
306 2927 563 2978 ichthyophagi,
592 2931 664 2968 sunt
692 2934 860 2983 longaevi,
890 2947 971 2983 137,

146 3024 382 3069 Organizatio,
904 2986 974 3069 1Ξῖ

144 3073 310 3115 Orjganum
345 3075 485 3121 spiritus,
529 3077 654 3114 fabrica
686 3079 850 3127 partium,
892 3086 970 3120 188.

190 3122 335 3167 Spiritus
351 3137 504 3171 organum
521 3128 651 3163 animae
676 3130 860 3176 rationalis,
889 3132 970 3169 ibid.

191 3171 393 3218 organorum
410 3175 592 3214 destruam
605 3189 710 3222 mors,
886 3181 969 3221 ibid.

1027 272 1181 317 Origines
1207 270 1330 305 locales
1348 280 1541 313 ventorum,
1573 284 1631 319 39.
1683 273 1749 310 Eas
1764 274 1856 311 nosse

1077 321 1235 361 arduum,
1256 319 1334 355 ibid.
1385 321 1468 354 Sunt
1489 330 1573 361 tres,
1602 332 1659 357 aut
1677 323 1859 363 scaturiunt

1076 382 1095 404 e
1114 378 1213 410 terra,
1241 380 1296 403 aut
1329 368 1525 415 dejiciuntur
1556 383 1597 404 ex
1624 371 1860 413 sublimi,raut

1077 418 1265 452 conflantur
1284 418 1338 452 hic
1351 420 1383 452 in
1398 430 1540 465 corpore
1554 420 1647 461 aeris,
1667 421 1744 457 ibid.
1781 424 1859 457 Ori*

1071 469 1165 513 gines
1178 479 1291 501 rerum
1304 479 1344 502 ex
1358 467 1452 501 sicris
1464 468 1569 502 literis
1584 469 1621 502 δι
1636 482 1677 504 ex
1690 471 1859 507 sententiis

1074 515 1263 562 priscorum
1284 516 1585 563 philosophorum,
1759 538 1777 555 Δ;
1791 532 1859 567 337

1029 565 1160 600 Orimzis
1177 565 1213 599 &
1232 566 1355 601 fleturi
1386 575 1541 600 exortum
1570 566 1753 614 sequuntur
1770 578 1859 604 tem-

1079 614 1233 661 postam,
1721 629 1786 663 45,
1807 622 1857 666 ³59

1028 664 1177 698 Ornithiz'
1196 664 1301 704 venti,
1331 664 1404 710 qui,
1811 679 1856 713 33

1029 712 1189 756 Orpheus,
1216 713 1258 748 de
1275 725 1316 748 eo
1334 713 1484 748 authoris
1496 712 1684 760 judicium,
1787 718 1853 762 361

1030 761 1116 808 Offa,
1788 777 1803 801 1
1815 778 1859 811 14

1028 811 1142 857 Otioscz
1160 811 1242 853 νίτει,
1270 811 1383 846 reddit
1400 823 1517 847 carnes
1534 812 1752 858 diffipabiles,
1792 815 1861 851 160

1029 862 1143 895 Otium
1162 861 1294 895 senibus
1312 872 1464 907 gratum,
1791 875 1858 911 153

1030 909 1184 953 Ovidius,
1212 919 1328 957 poetae
1348 919 1456 957 pater,
1750 916 1754 918 ’
1790 916 1832 960 13
1838 925 1858 959 5

1030 960 1150 994 Ovium
1168 970 1272 1001 aetem,
1790 972 1857 998 122

1029 1009 1137 1044 Ovum
1154 1009 1186 1043 in
1206 1008 1353 1056 lapidem
1372 1008 1520 1050 versum,
1551 1019 1632 1051 100,
1668 1020 1748 1047 211.
1793 1012 1863 1048 Ovi

1078 1058 1277 1105 primigenii
1297 1058 1410 1093 fabula
1429 1058 1629 1105 explicatur,
1790 1071 1858 1106 321

1029 1107 1088 1142 Ad
1106 1108 1312 1153 Oxoniensem
1330 1108 1542 1142 academiam
1559 1108 1700 1154 epistola
1717 1109 1858 1153 Baconi,

1077 1168 1160 1202 405.
1213 1157 1375 1204 Ejusdem
1394 1156 1595 1204 rescriptum
1614 1157 1765 1202 Bacono,
1782 1159 1861 1197 ibid.

1426 1255 1467 1292 P.

1028 1353 1204 1447 PAbuli
1222 1353 1414 1390 differentia
1430 1354 1542 1402 quoad
1572 1354 1863 1402 longaevitatem,

1028 1451 1146 1486 Pallor
1163 1451 1196 1486 in
1208 1449 1400 1498 juventute,
1790 1406 1862 1502 :386

1029 1500 1190 1535 palmites
1217 1501 1340 1537 vitium
1358 1514 1376 1537 a
1403 1510 1500 1550 parte
1528 1501 1629 1538 austri
1659 1516 1859 1555 erumpunt,

1028 1597 1172 1634 Paludes
1199 1598 1324 1636 nativis
1352 1600 1509 1648 propitii,
1535 1600 1677 1640 advenis
1701 1567 1860 1651 malig131i7,

1029 1696 1201 1781 Ριιίἶιφπῦεε
1229 1699 1551 1747 quinquagesimum
1601 1712 1729 1738 annum
1764 1665 1861 1739 cdi—:311⁷-

1027 1758 1299 1833 palzegtgcadum
1317 1811 1458 1843 numen,
1485 1800 1679 1836 fabularum
1704 1762 1860 1856 turcl-:sei

1027 1894 1116 1938 Pan,
1134 1895 1248 1932 fabula
1262 1897 1398 1941 nobilis,
1417 1898 1489 1946 ejus
1506 1899 1752 1948 interpretatio,
1770 1863 1861 1947 215Ξί
1877 1883 1881 1888 ’

1027 1993 1182 2029 Pandora
1210 1996 1246 2031 ὅτ
1270 1997 1445 2034 vasculum
1475 1998 1555 2046 ejus,
1582 1999 1666 2047 quid
1693 1950 1862 2047 Ρεῗζὴῗέἐ

1077 2043 1229 2080 fabulam
1248 2046 1429 2084 voluerunt
1447 2058 1591 2091 vetereS,
1765 2061 1854 2098 ‘377

1027 2093 1214 2137 Pandorae,
1243 2096 1387 2144 populus
1407 2097 1537 2139 Indiae,
1565 2098 1740 2146 longaevi,
1787 2110 1856 2145 135

1027 2143 1148 2178 Punici
1166 2154 1306 2181 terrores
1325 2146 1406 2193 quid
1422 2147 1626 2194 significant,
1783 2160 1865 2196 357,

1026 2192 1132 2228 Panis
1148 2205 1189 2227 ex
1206 2207 1276 2241 quo
1303 2207 1412 2242 grano
1428 2196 1585 2240 solidior,
1618 2197 1696 2234 160.
1749 2197 1857 2234 Cibo-

1074 2255 1150 2278 rum
1179 2244 1448 2288 firmamentum,
1481 2247 1558 2282 161.
1610 2247 1756 2283 Modice
1790 2247 1858 2283 fer-

1073 2302 1254 2337 mentatus,
1296 2294 1334 2330 &
1366 2307 1486 2343 parum
1531 2295 1643 2332 salitus
1688 2296 1856 2346 opti-mus,

1787 2346 1830 2382 16

1022 2389 1136 2436 Papae
1154 2392 1260 2429 Rom.
1274 2404 1390 2429 eorum
1409 2405 1521 2430 mores
1544 2394 1582 2431 &
1597 2403 1721 2432 aetates
1739 2359 1860 2432 recen?

1072 2441 1194 2484 sentur‚
1676 2457 1769 2492 133,
1789 2456 1859 2491 134

1024 2488 1212 2536 Papaveris
1244 2492 1413 2540 sylvestris
1439 2505 1526 2540 aqua
1560 2492 1733 2536 stillititia,
1775 2495 1857 2538 146.

1071 2541 1195 2576 Succus
1212 2540 1281 2588 ejus
1304 2542 1438 2590 opium,
1469 2553 1547 2590 147.
1599 2543 1722 2580 Herba
1751 2543 1789 2579 δε
1806 2544 1857 2580 se·-

1074 2601 1152 2624 men
1172 2590 1261 2626 inter
1273 2592 1399 2639 opiam,
1772 2593 1862 2630 ibid„

1021 2638 1220 2685 Papiliones‚
1241 2642 1298 2688 83.
1324 2641 1514 2689 Papiliones
1530 2641 1599 2678 ὅτε.
1613 2654 1676 2690 per
1691 2643 1854 2690 hyemem

1067 2689 1257 2733 dormiunt,
1782 2703 1846 2737 151

1021 2737 1231 2784 Papistarum
1245 2740 1510 2778 machinationes
1523 2741 1679 2780 adversus
1693 2740 1852 2777 Elizabe-

1069 2788 1164 2824 tham
1182 2789 1352 2836 reginam,
1781 2802 1854 2838 394

1018 2836 1147 2882 Papyri
1180 2850 1268 2885 aqua
1302 2839 1515 2875 madefaCtae
1548 2839 1585 2874 δε
1619 2839 1698 2876 oleo
1730 2839 1856 2876 tinctae

1066 2887 1311 2935 diaphaneitas,
1344 2901 1421 2933 114.
1475 2890 1636 2929 Duratio,
1659 2901 1737 2932 114,
1771 2901 1850 2934 115.

1069 2936 1199 2982 Papyrz·
1214 2938 1412 2981 contraffitio,
1439 2949 1516 2975 121.
1566 2938 1773 2974 Putrefaffio
1789 2951 1853 2973 un-

1018 2986 1206 3119 Pczgrijcell'bolae
1221 3036 1452 3084 antiquorum,
1472 3048 1543 3082 320
1555 3035 1622 3072 &c.
1675 2987 1850 3072 Videlle-J'Zl:

1083 3096 1104 3118 u
1118 3097 1164 3121 ae.
1788 3107 1795 3113 =

1017 3132 1182 3180 Paracelsi
1208 3134 1320 3170 schola
1338 3135 1434 3169 Euro
1463 3134 1576 3171 locum
1610 3147 1679 3170 non
1710 3136 1852 3182 reperit,

1067 3193 1124 3229 35.
1165 3183 1356 3231 Paracelsus
1373 3185 1645 3232 reprehenditur,
1673 3186 1756 3225 260,
1778 3185 1844 3220 261

1665 3233 1849 3279 Parasceve

1820 3299 1849 3342 3
