1973 3570
467 173 900 228 HISTORIA
952 170 1206 220 DENSI
1257 168 1359 215 ET
1410 171 1633 217 RAR'I.

273 290 417 333 guttas;
453 290 496 320 ut
522 281 563 319 in
591 279 788 317 nonnullis
808 277 995 315 cataraeiis
1014 275 1141 313 Indiae
1161 273 1432 319 Occidentalis,
1471 284 1564 321 quae
1585 282 1665 310 tam
1693 273 1822 314 subito
1843 279 1888 315 &2

272 337 478 376 confertim
499 335 741 381 descendunt,
769 343 811 371 ut
839 333 1037 370 videantur
1057 327 1155 379 quast
1179 342 1221 366 ex
1241 326 1380 366 vafibus
1403 326 1502 364 fusae
1523 330 1561 365 ὅ(
1582 328 1759 374 dejed‘tae‚
1812 333 1882 369 Al-

275 405 364 440 tera,
394 401 522 429 utrum
542 402 623 427 non
644 390 767 426 solum
782 400 950 438 vapores,
980 387 1059 435 (qui
1079 387 1176 423 olim
1191 384 1343 421 fuerunt
1364 383 1543 419 humores
1560 385 1597 420 &
1616 396 1746 432 aquae,
1775 388 1812 423 &
1827 387 1883 424 so-

274 446 480 486 lummodo
505 443 776 492 restituuntur,)
806 443 868 480 sed
892 444 1007 481 etiam
1027 452 1108 491 pars
1128 450 1264 488 magna
1288 439 1379 476 a'e'ris
1400 439 1537 489 puri&
1560 438 1713 487 perfcffi
1736 452 1802 491 per
1821 442 1889 479 fri-z

274 515 342 553 gus
365 503 418 550 (in
437 502 510 538 illis
538 500 755 550 regionibus
770 498 972 536 vehemens
1000 499 1038 534 &
1071 494 1277 541 intensum)
1303 504 1385 530 non
1405 493 1519 529 fuerit
1533 495 1727 543 coagulata
1748 498 1784 533 ὃ(
1803 508 1885 535 mnf

273 568 350 595 tata
364 558 486 609 plane,
516 557 552 593 &
572 554 673 594 versa
694 556 733 591 in
753 555 932 606 pluviam,
961 555 997 589 &
1014 552 1167 600 reliqua,
1196 550 1244 587 dc
1263 561 1341 598 quo
1356 549 1469 598 paulo
1484 548 1563 597 post
1583 550 1830 597 inquiremusr
1888 571 1890 574 >

328 623 367 662 4,
398 613 451 649 IN
477 610 789 655 distillationibus,
822 609 1001 645 humores
1023 608 1151 656 primo
1171 614 1368 643 vertuntur
1394 604 1435 640 in
1454 615 1620 654 vapores,
1649 605 1718 651 illi,
1746 619 1812 657 per
1833 619 1888 644 re-

276 669 494 705 motionem
517 666 564 703 ab
579 667 667 714 igne
691 664 864 710 destituti,
903 675 967 713 per
988 664 1101 699 latera
1126 661 1309 698 stillatorii
1333 657 1508 705 contrusi,
1549 661 1891 710 &nonnunquam

278 734 346 773 per
365 721 540 770 frigidam
561 721 606 756 ab
632 729 731 756 extra
752 718 914 755 infusam
936 718 1141 762 accelerati,
1171 715 1367 752 restituunt
1388 713 1424 750 sc
1449 715 1491 750 in
1515 725 1626 762 aquas
1647 717 1683 752 ὃς
1706 717 1887 765 liquores,

277 780 410 826 Imago
430 775 577 824 prorsus
597 775 788 811 familiaris
804 785 935 810 rorum
955 774 992 809 ὃ(
1011 772 1170 821 pluviae.

336 843 369 881 5.
400 830 693 867 ARGENTUM
716 829 843 865 vivum
865 827 1073 876 praecipue,
1102 835 1256 861 necnon
1277 824 1463 860 metallica
1483 826 1564 871 alia,
1605 836 1693 861 cum
1717 828 1887 865 volatilia

278 886 373 925 faeta
395 885 546 930 fuerint,
575 889 776 933 properant
801 892 928 918 tamen
943 881 988 917 ad
1013 880 1048 917 se
1063 877 1344 924 restituendum,
1375 880 1412 915 ὅ(
1427 879 1583 917 occursu
1602 881 1756 925 alicujus
1776 882 1892 920 solidi..

279 944 318 978 &
344 939 526 977 materiati
556 938 786 987 magnopere
815 937 993 986 gaudent.
1048 936 1174 983 Itaque
1202 934 1311 971 facile
1340 933 1507 981 haerent,
1547 935 1656 971 facile
1683 935 1890 976 deciduum

277 995 374 1032 adeo
394 1003 435 1032 ut
455 993 683 1041 quandoque
703 990 744 1029 fit
768 991 909 1029 neceffe
929 1002 1084 1040 vapores
1107 989 1275 1042 ipsorum
1295 990 1382 1038 igne
1405 989 1588 1040 persequi,
1617 991 1655 1026 ὅ(
1673 990 1721 1027 de
1740 992 1828 1040 igne
1846 992 1892 1030 iu»

278 1052 408 1099 ignem
420 1047 685 1095 transmittere,
705 1047 808 1084 faeti-s
822 1057 1002 1095 tanquam
1015 1044 1117 1083 scalis
1132 1045 1455 1094 receptaculorum
1470 1046 1578 1094 ignis,
1599 1045 1644 1081 ad
1660 1047 1894 1084 nonnullam

279 1104 490 1142 distantiam
510 1104 608 1139 inter
632 1102 680 1149 se,
718 1103 813 1139 circa
832 1114 916 1143 vas3
953 1113 1001 1138 ne
1033 1112 1161 1152 vapor,
1190 1099 1383 1151 postquam
1404 1111 1470 1150 per
1492 1098 1746 1137 ascensionem
1773 1104 1891 1151 paulo

281 1160 396 1198 fuerit
418 1159 605 1195 remotior
619 1158 665 1194 ab
685 1159 783 1206 igne,
814 1158 922 1194 citius
937 1168 1050 1205 quam
1065 1155 1213 1207 expedit
1232 1153 1268 1191 se
1283 1154 1457 1191 restituat.

335 1215 372 1250 6.
402 1215 475 1264 Qu
485 1225 510 1250 A
521 1224 543 1249 E
558 1213 603 1250 ab
618 1214 705 1262 igne
720 1212 922 1261 colliquata
941 1212 1095 1259 fuerint,
1122 1210 1200 1260 post
1212 1205 1470 1246 remiffionem
1486 1210 1621 1247 caloris
1634 1210 1836 1251 densantur
1851 1215 1887 1251 ὃ(

280 1267 482 1307 consistunt
502 1279 542 1305 ut
563 1269 686 1319 prius3
716 1277 756 1305 ut
776 1268 938 1314 metalla,
968 1279 1063 1314 cera,
1093 1267 1215 1315 adeps,
1244 1266 1404 1314 gummi,
1435 1267 1504 1301 &c.

337 1331 373 1372 7.
403 1324 597 1361 VELLUS
617 1324 768 1360 laneum
791 1322 897 1372 super
917 1332 1057 1359 terram
1081 1322 1221 1359 diutius
1243 1321 1377 1366 jaeenS,
1407 1320 1554 1368 colligit
1576 1321 1746 1371 pondus3
1784 1324 1889 1371 quod

280 1378 360 1416 fieri
376 1390 457 1415 non
471 1377 598 1427 poss'et,
628 1376 695 1415 nifi
709 1378 863 1427 aliquod
882 1377 1164 1427 pneumaticum
1185 1375 1399 1413 densaretur
1416 1376 1456 1411 in
1476 1375 1746 1426 ponderosum.

337 1433 372 1471 8.
405 1434 428 1471 S
440 1443 663 1470 OLEBANT
677 1435 880 1482 antiquitus
895 1442 1040 1479 nautae,
1068 1432 1268 1469 velleribus
1284 1431 1401 1476 lanae,
1431 1440 1609 1478 tanquam
1626 1431 1890 1480 tapetibus-aut

280 1489 429 1535 aulaeis,
444 1488 570 1526 vestire
585 1489 698 1524 latera
712 1490 865 1527 navium
879 1487 1007 1534 nediu,
1035 1488 1086 1523 ita
1101 1496 1237 1524 utnon
1253 1487 1482 1534 attingerent
1496 1497 1652 1534 aquam5
1679 1497 1790 1536 atquc
1799 1488 1891 1527 inde

280 1555 392 1581 mane
407 1544 613 1592 exprimere
632 1554 767 1591 aquam
781 1543 943 1590 dulcem,
973 1542 1019 1579 ad
1040 1541 1147 1580 usum
1165 1541 1424 1590 navigantium
1802 1574 1805 1577 .

333 1610 373 1645 9.
404 1599 431 1634 E
443 1609 467 1634 τ
477 1608 570 1635 IAM
586 1608 754 1646 expertus
769 1597 850 1636 sum
862 1598 909 1635 de
923 1597 1111 1644 industria,
1141 1597 1245 1645 quod
1260 1596 1451 1646 alligando
1464 1605 1628 1644 quatuor
1640 1597 1768 1635 uncias
1780 1598 1892 1638 lanae

282 1653 328 1690 ad
348 1653 492 1699 funem,
530 1654 595 1701 qui
619 1653 886 1691 demittebatur
909 1655 950 1690 in
972 1661 1129 1702 puteum
1152 1651 1202 1689 28
1227 1652 1432 1701 orgiarum,
1469 1652 1520 1687 ita
1538 1661 1666 1689 tamen
1689 1662 1731 1690 ut
1753 1663 1892 1701 aquam

282 1719 348 1758 per
364 1707 420 1744 sex
440 1708 562 1757 orgias
576 1720 656 1745 non
677 1709 890 1758 attingeret,
919 1720 963 1745 ex
977 1719 1085 1744 mora
1105 1709 1215 1744 unius
1235 1707 1356 1744 noetis
1376 1705 1539 1743 crevisset
1554 1707 1703 1755 pondus
1716 1708 1824 1744 lanae
1841 1709 1892 1746 ad:

282 1764 450 1812 quinque
474 1764 600 1800 uncias
624 1765 661 1800 &
680 1763 897 1800 drachmam
922 1775 1056 1803 unam5
1089 1765 1127 1800 &
1151 1760 1339 1799 haesffl'ent
1358 1772 1423 1811 per
1448 1763 1607 1799 exterius
1628 1763 1735 1800 lanae
1756 1763 1891 1814 planae

281 1828 408 1868 guttae
420 1829 547 1866 aquae,
568 1828 609 1855 ut
622 1828 664 1855 ex
679 1819 723 1855 iis
734 1828 914 1867 tanquam
929 1820 1047 1856 lavare
1059 1828 1121 1855 aut
1136 1817 1366 1854 madefacere
1379 1827 1511 1854 manus
1526 1818 1608 1864 quis
1619 1814 1753 1866 poffit:
1773 1817 1891 1866 quue

283 1873 421 1910 iterum
436 1883 548 1922 atque
571 1873 709 1911 iterum
724 1882 894 1924 expertus
917 1872 1012 1922 sum,
1040 1874 1206 1912 variante
1221 1872 1429 1922 quantitate
1442 1872 1634 1920 ponderis,
1662 1871 1725 1910 sed
1745 1871 1891 1923 semper

283 1929 449 1965 multum
469 1928 582 1965 aneia.

344 1991 405 2019 10.
436 1982 656 2030 LAPIDES,
686 1992 726 2020 ut
749 1994 941 2021 marmora
971 1984 1007 2020 &
1032 1979 1159 2029 filices,
1187 1992 1298 2031 atqu-e
1313 1983 1427 2019 etiam
1452 1983 1573 2020 trabes
1600 1982 1748 2032 ligneae
1773 1982 1890 2035 (prae-

282 2035 411 2073 sertim
439 2037 557 2086 pidiae
585 2040 622 2075 ὅ(
650 2038 790 2075 oblitae
818 2039 921 2087 olco)
951 2037 1149 2075 manifesto
1177 2037 1383 2075 madefiunt
1407 2036 1474 2074 sub
1501 2038 1796 2087 regelationibus
1822 2050 1890 2078 aut

282 2091 559 2141 tempestatibus
588 2091 823 2134 australibu53
860 2103 901 2131 ut
929 2103 1109 2143 tanquam
1137 2093 1296 2130 exudare
1325 2093 1534 2139 videantur,
1573 2094 1612 2129 ὃς
1640 2102 1769 2142 guttae
1798 2094 1890 2132 inde

283 2145 428 2196 detergi
443 2143 596 2196 posfint.
1886 2165 1889 2166 ⁷

340 2212 356 2238 1
369 2212 400 2238 1.
431 2203 484 2238 IN
503 2203 591 2251 gelu
606 2202 760 2240 madido
782 2202 900 2252 (quod
918 2203 1084 2252 Anglice
1099 2200 1232 2253 Rynes
1246 2200 1399 2250 vocant)
1416 2201 1457 2239 fit
1477 2201 1656 2239 irroratio
1670 2202 1711 2239 in
1731 2204 1886 2243 aedibus

281 2253 388 2305 super
409 2256 504 2293 vitra
525 2255 789 2298 fenestrarum3
825 2258 939 2306 idque
961 2260 1079 2308 magis
1099 2259 1255 2296 interius
1281 2257 1405 2300 versus
1428 2255 1655 2304 cubiculum,
1693 2269 1808 2306 quam
1827 2272 1888 2298 ex-

285 2311 403 2347 terius
416 2310 462 2346 ad
476 2313 600 2348 aerem
614 2322 796 2363 apertum.

343 2375 403 2401 12.
433 2363 741 2414 ANHssLITUS,
777 2368 842 2416 qui
867 2366 916 2406 est
940 2371 1002 2405 aer
1029 2369 1156 2419 primo
1180 2368 1363 2413 attraCtuS,
1400 2377 1442 2403 ac
1466 2365 1603 2403 deinde
1627 2367 1728 2405 intra
1751 2379 1886 2407 cavum

282 2419 511 2468 pulmonum
534 2420 636 2458 brevi
658 2433 766 2459 mora
786 2435 917 2472 parum
940 2422 1182 2469 humefactus,
1212 2422 1319 2473 super
1339 2420 1483 2471 specula
1506 2432 1568 2459 aut
1588 2433 1748 2472 corpora
1766 2425 1887 2475 polita

288 2472 424 2521 (qualia
438 2473 523 2511 sunt
544 2486 729 2524 gemmae,
758 2478 918 2515 laminae
937 2475 1094 2524 ensium,
1121 2478 1159 2514 ὅ(
1181 2475 1330 2526 similia)
1345 2477 1501 2515 vertitur
1520 2478 1561 2514 in
1580 2477 1761 2526 quiddam
1775 2479 1886 2517 rosci-

284 2527 391 2574 dum,
420 2529 523 2576 quod
537 2531 649 2579 paulo
662 2529 743 2580 post
763 2530 869 2568 instar
889 2533 1093 2570 nubeculae
1107 2528 1311 2581 diffipatur.

344 2591 405 2632 13.
434 2583 631 2622 L1N’rEA
655 2586 768 2622 etiam
785 2587 825 2623 in
848 2588 1000 2625 aedibus
1024 2587 1103 2634 (ubi
1127 2589 1225 2636 ignis
1244 2598 1326 2624 non
1349 2586 1581 2636 accenditur)
1600 2587 1788 2637 colligunt
1817 2589 1886 2628 hu-

284 2636 510 2685 miditatem,
540 2640 590 2676 ita
611 2650 652 2677 ut
672 2640 762 2678 foco
777 2643 1070 2691 appropinquata
1089 2641 1250 2680 fument.

343 2701 404 2741 14.
436 2691 688 2732 PULvEREs
702 2706 836 2732 omnes
850 2696 892 2734 in
911 2694 1136 2747 repositoriis
1150 2695 1315 2735 conclufi
1330 2697 1517 2747 colligunt
1532 2695 1812 2746 humiditatem,
1839 2708 1885 2746 ut

285 2744 460 2784 haereant
476 2749 513 2785 δ(
532 2747 629 2796 quafi
648 2750 858 2799 glebefiant.

341 2810 403 2850 15.
434 2803 784 2843 ExrsnMArUR
805 2806 918 2855 origo
941 2805 1109 2844 fontium
1127 2809 1166 2845 ὁ(
1187 2816 1367 2856 aquarum
1396 2806 1577 2852 dulcium,
1605 2817 1699 2854 quae
1718 2819 1762 2846 ex
1784 2819 1893 2849 term.

283 2854 588 2950 {aturigm'sfieri
599 2869 641 2895 ex
652 2860 735 2896 aere
744 2860 924 2899 concluso
935 2862 976 2898 in
987 2864 1083 2901 cavis
1093 2872 1212 2901 terrae
1223 2862 1451 2913 (praesertim
1462 2861 1673 2912 montium)
1684 2865 1888 2913 coagulato

339 2922 413 2948 con
442 2924 488 2949 en
506 2922 581 2950 ato.

348 2967 406 3002 16.
438 2968 677 3006 NEBULAE
712 2967 795 3007 sunt
824 2970 1137 3010 condensationes
1170 2973 1264 3010 aeris
1296 2970 1546 3022 imperfectae,
1589 2971 1806 3011 commistae
1836 2985 1884 3013 ex:

286 3018 403 3072 longe
424 3023 566 3070 majore
588 3032 693 3075 parte
711 3026 804 3063 aeris
826 3027 864 3064 δε
881 3036 1014 3078 parum
1038 3029 1147 3077 aquei
1160 3029 1331 3080 vapori„
1359 3029 1397 3066 &
1418 3026 1527 3073 fiunt,
1555 3026 1691 3079 hyeme
1714 3029 1883 3078 quidem,

1094 3104 1097 3105 ν
1810 3083 1884 3122 sub
