1973 3570
208 219 310 265 DE
366 216 652 264 FLUXU
701 213 810 262 ET
859 212 1257 262 REFLUXU
1308 212 1576 263 MAR1s.
1729 232 1823 280 237

69 317 193 353 ae'rem
222 311 407 350 incrassari
432 314 469 350 ὅ(
489 311 778 350 suffocationem
806 312 941 349 minari
963 310 1008 348 ad
1031 320 1204 361 tempora
1228 310 1347 349 fluxus
1370 313 1506 352 maris3
1536 324 1579 349 cx
1607 324 1686 363 qno

68 369 305 409 manifestum
322 368 440 406 videri
463 364 576 420 poffit
602 379 685 405 non
713 378 825 415 aquas
849 367 1008 404 ebullire
1033 366 1175 414 (nullae
1198 378 1286 404 cum
1301 368 1521 413 cernuntur)
1541 367 1600 405 scd
1630 373 1683 406 ae-

68 437 150 464 rem
175 423 383 461 retroverti.
445 424 501 460 At
527 433 628 460 certe
653 422 754 459 aliud
783 432 890 471 urget
918 423 1219 471 experimentum
1236 434 1316 459 non
1341 424 1681 471 contemnendum,

69 480 132 519 sed
147 479 275 528 magni
296 478 486 530 ponderis,
503 479 562 515 cui
584 474 772 527 responsio
787 478 954 514 omnino
972 477 1130 514 debetur
1149 491 1159 518 3
1187 477 1261 514 hoe
1281 476 1341 524 est,
1357 477 1460 526 quod
1481 477 1683 527 diligenter

69 535 308 574 observatum
324 530 377 580 fit,
408 533 521 581 idque
542 545 622 569 non
645 533 809 569 fortuito
829 542 1018 578 notatum,
1046 530 1107 568 sed
1128 533 1174 569 de
1195 530 1372 569 industria
1396 530 1615 580 inquisitum
1632 545 1683 571 at-

67 598 143 640 que
167 598 369 639 repertum,
400 600 509 636 aquas
525 588 570 624 ad
585 589 718 625 littora
733 586 880 624 adversa
895 584 1076 638 Europae
1095 589 1132 624 ὅ(
1153 583 1336 625 Floridae
1359 587 1492 624 iisdem
1512 588 1616 624 horis
1636 590 1682 626 ab

68 656 233 694 utroque
251 645 381 680 littore
404 643 572 689 refluere,
601 655 726 691 neque
745 642 912 680 deserere
935 643 1042 679 littus
1057 639 1236 694 Europae
1259 654 1347 679 cum
1364 643 1612 681 advolvuntur
1636 645 1682 680 ad

69 702 200 739 littora
214 695 406 745 floridae,
435 710 544 735 more
567 709 682 746 aquae
705 698 759 744 (ut
773 697 878 749 supra
898 698 1073 745 diximus)
1095 699 1253 747 agitatae
1280 700 1319 734 in
1340 699 1451 750 pelvi,
1481 698 1543 735 sed
1572 699 1682 749 plane

64 753 178 802 fimul
193 755 238 792 ad
258 763 463 802 utrumque
483 752 586 791 littus
601 754 725 790 attolli
749 755 786 790 ὅ(
809 752 970 790 demitti.
1029 754 1176 792 Verum
1196 753 1304 799 hujus
1334 753 1560 798 objectionis
1585 753 1680 791 solu-

69 812 129 852 tio
141 807 331 863 perspicue
356 809 546 860 apparebit
569 810 609 846 in
633 810 677 847 iis
700 820 795 858 quae
820 820 910 846 mox
931 809 1106 846 dicentur
1129 809 1176 845 de
1192 808 1299 846 cursu
1320 811 1357 846 ὅ(
1377 808 1568 858 progress'u
1596 821 1681 846 oce-

70 866 169 911 ani.·j
205 867 362 902 Summa
382 874 508 901 autem
528 866 583 901 rei
604 865 686 902 talis
710 863 770 910 est,
801 864 905 912 quod
920 876 1036 913 aquae
1050 875 1071 901 a
1085 865 1180 902 mari
1196 861 1333 902 Indico
1346 863 1548 914 profecfitae,
1577 866 1614 902 &
1634 865 1680 902 ab

71 919 221 967 object‘u
236 929 421 957 terrarum
437 921 570 956 veteris
585 922 621 957 ὃ(
647 921 738 957 novi
761 918 862 956 orbis
886 920 1089 969 impeditae
1109 920 1314 957 truduntur
1334 931 1399 969 per
1414 930 1517 956 mare
1533 917 1680 958 Atlan-

71 975 193 1014 ticum
207 976 253 1013 ab
271 973 391 1012 austro
414 975 454 1012 in
476 975 656 1016 boream3
685 985 726 1013 ut
751 986 833 1011 non
855 976 996 1012 mirum
1019 971 1061 1012 sit
1086 987 1145 1012 eas
1159 975 1204 1012 ad
1225 984 1426 1024 utrumque
1443 975 1548 1012 littus
1571 972 1680 1014 simul

68 1042 114 1069 ex
133 1042 256 1079 aequo
277 1030 475 1080 appellere,
503 1040 545 1068 ut
570 1043 687 1079 aquae
712 1029 847 1076 solent,
878 1042 973 1078 quae
1000 1030 1283 1067 contruduntur
1302 1042 1323 1067 a
1349 1031 1443 1067 mari
1460 1031 1500 1067 in
1525 1030 1616 1067 ostia
1642 1033 1681 1069 &

70 1087 216 1124 canales
237 1085 452 1130 fluminum,
483 1086 523 1122 in
544 1087 678 1134 quibus
694 1081 1014 1122 evidentissimum
1029 1084 1079 1121 est
1093 1095 1245 1122 motum
1265 1087 1379 1122 maris
1394 1085 1464 1122 esse
1479 1082 1679 1137 progr-essi-

68 1151 162 1179 vum
176 1152 357 1191 quatenus
378 1140 421 1176 ad
439 1140 607 1186 flumina,
636 1143 673 1177 ὃ(
693 1149 822 1177 tamen
838 1141 966 1177 littora
988 1139 1138 1177 adversa
1161 1138 1269 1177 simul
1283 1139 1478 1177 inundare.
1534 1142 1681 1179 Verum

38 1242 39 1245 Ἴ
69 1196 111 1233 id
129 1207 202 1247 pro
220 1207 329 1232 more
345 1195 474 1232 nostro
489 1196 652 1244 ingenue
667 1195 840 1242 fatemur,
870 1195 984 1243 idque
1005 1195 1183 1232 homines
1198 1194 1392 1232 attendere
1407 1197 1444 1231 ὃς
1468 1195 1683 1232 meminisse

70 1252 259 1296 volumus,
293 1248 314 1285 3
342 1262 407 1300 per
435 1249 701 1300 experientiam
716 1251 949 1296 inveniatur,
988 1249 1108 1288 fluxus
1135 1251 1250 1287 maris
1279 1249 1413 1286 iisdem
1442 1250 1681 1299 temporibus

70 1305 261 1344 adlittora
277 1302 480 1342 ‘Pcruvz'ae
495 1315 606 1354 atque
623 1302 771 1342 Chinae
789 1301 957 1355 affluere,
986 1305 1123 1354 quibus
1141 1304 1266 1343 fluunt
1287 1305 1333 1341 ad
1357 1305 1487 1342 littora
1517 1306 1683 1357 praefata

69 1357 251 1414 Europae
266 1362 304 1397 δε
317 1355 511 1407 Floridae‚
540 1359 767 1412 opinionem
786 1359 884 1398 hanc
898 1359 1076 1408 nostram,
1104 1360 1210 1409 quod
1225 1360 1346 1397 fluxus
1361 1361 1399 1397 ὅ(
1417 1359 1578 1397 refluxus
1606 1372 1684 1398 ma-

69 1417 121 1453 ris
149 1413 193 1453 fit
220 1425 349 1452 motus
376 1411 638 1464 progress'tvus‚
667 1414 953 1462 abjudicandam
974 1416 1055 1453 effe.
1113 1417 1153 1454 Si
1179 1417 1284 1453 enim
1309 1427 1375 1465 per
1390 1415 1520 1452 littora
1535 1416 1685 1454 adversa

71 1481 152 1509 tam
179 1472 293 1509 maris
321 1471 482 1507 australis
511 1482 626 1520 quarn
657 1472 770 1508 maris
794 1468 1001 1508 Atlantici
1029 1471 1092 1509 fiat
1114 1470 1233 1509 fluxus
1261 1470 1308 1508 ad
1336 1470 1468 1507 eadem
1496 1480 1683 1521 tempora,

70 1521 155 1564 non
183 1527 450 1574 relinquuntur
473 1527 514 1563 in
540 1525 716 1564 universo
734 1528 806 1564 alia
827 1527 971 1573 littora,
999 1538 1065 1577 per
1094 1537 1189 1575 quae
1208 1525 1367 1563 refluxus
1388 1526 1434 1562 ad
1457 1526 1588 1563 eadem
1618 1527 1683 1564 illa

70 1591 246 1633 tempora
266 1579 469 1618 satisfaciat.
525 1582 672 1620 Verum
686 1582 734 1620 de
749 1581 823 1619 hoc
842 1580 984 1627 judicio
1012 1581 1191 1618 faciendo
1218 1592 1285 1633 per
1309 1581 1576 1632 experientiam
1606 1582 1682 1630 (cui

70 1636 217 1676 causam
247 1633 493 1684 submisimus)
525 1635 718 1686 loquimur
746 1647 928 1686 tanquam
955 1637 1084 1675 securi.
1141 1634 1397 1674 Existimamus
1423 1637 1528 1672 enim
1559 1638 1682 1686 plane,

70 1689 98 1730 fi
123 1692 268 1730 summa
294 1691 404 1737 hujus
429 1693 484 1728 rei
513 1703 579 1741 per
607 1691 825 1731 universum
858 1703 1042 1730 terrarum
1069 1691 1205 1729 orbem
1240 1691 1353 1728 nobis
1384 1693 1540 1740 cognita
1568 1691 1683 1740 foret,

71 1748 156 1784 satis
179 1746 303 1796 aequis
323 1744 607 1785 conditionibus
626 1748 721 1786 istud
740 1747 873 1786 foedus
888 1745 1051 1798 transigi,
1079 1758 1218 1797 nempe
1237 1756 1278 1784 ut
1298 1745 1344 1783 ad
1370 1746 1504 1783 horam
1521 1747 1688 1796 aliquam

73 1812 217 1840 certam
237 1801 301 1849 fiat
324 1802 484 1840 refluxus
505 1801 545 1840 in
565 1804 751 1853 aliquibus
765 1803 932 1853 partibus
947 1804 1062 1851 orbiS,
1090 1811 1275 1851 quantum
1299 1800 1362 1838 fiat
1381 1801 1500 1839 fluxus
1520 1802 1561 1838 in
1590 1804 1683 1841 aliis.

73 1858 336 1909 Qamobrem
369 1869 412 1894 ex
441 1858 498 1904 iis,
528 1870 624 1906 quae
649 1859 824 1907 diximus,
853 1859 1031 1897 statuatur
1060 1857 1230 1905 tandem,
1259 1866 1390 1894 motus
1409 1855 1474 1894 iste
1502 1856 1621 1896 fluxus
1649 1860 1686 1896 δε

73 1912 233 1950 refluxus
249 1912 317 1950 ess'e
332 1909 594 1962 progreflivus.

130 1969 392 2020 SEQUITUR
423 1968 498 2014 jam
523 1966 714 2018 inquisitio
734 1982 777 2008 ex
800 1982 874 2019 qua
894 1968 1010 2017 causa,
1039 1971 1077 2008 ὅ(
1091 1981 1157 2021 per
1173 1980 1287 2018 quem
1304 1966 1530 2006 consensum
1559 1979 1686 2006 rerum

74 2023 217 2061 oriatur
238 2034 350 2072 atque
364 2023 579 2061 exhibeatur
599 2023 662 2061 iste
678 2035 807 2063 motus
821 2025 987 2063 fluxus&
1002 2025 1173 2062 refluxus.
1230 2025 1381 2061 Omnes
1397 2024 1502 2059 enim
1522 2024 1685 2067 majores

74 2089 203 2116 motus
220 2076 259 2124 (fi
277 2078 360 2116 sunt
377 2078 493 2116 iidem
517 2081 704 2128 regulares
719 2083 756 2118 ὅς
779 2080 1001 2128 constantes)
1028 2080 1198 2126 solitarii,
1226 2090 1291 2117 aut
1307 2080 1362 2127 (ut
1377 2078 1686 2116 astronomorum

73 2134 263 2172 vocabulo
287 2134 451 2180 utamur)
482 2133 593 2171 ferini
616 2147 698 2172 non
720 2135 817 2182 sunt,
846 2135 909 2173 sed
934 2135 1074 2173 habent
1100 2135 1141 2172 in
1156 2146 1284 2172 rerum
1300 2144 1433 2172 natura
1446 2140 1534 2170 cum
1553 2134 1690 2181 quibus

74 2187 326 2228 consentiant.
384 2190 513 2238 Itaque
527 2199 655 2227 motus
670 2192 739 2238 illi,
768 2200 847 2228 tam
864 2189 1164 2228 scmimenstruus
1184 2190 1424 2235 incrementi,
1452 2200 1566 2236 quarn
1583 2200 1689 2225 men«

74 2244 192 2285 struus
216 2243 470 2291 restitutionis,
501 2247 705 2283 convenire
731 2246 907 2284 videntur
932 2258 1022 2283 cum
1043 2255 1155 2283 motu
1184 2247 1308 2282 lunae.
1368 2240 1688 2281 Semimenstruus

75 2310 168 2337 vero
188 2299 252 2337 ille
277 2297 348 2337 five
375 2300 659 2348 aequinofflalis
683 2313 772 2339 cum
800 2311 911 2338 motu
933 2300 1033 2337 solis.
1087 2301 1214 2337 Etiam
1237 2298 1466 2336 sublationes
1496 2299 1534 2334 δε
1555 2295 1690 2335 demis-

75 2351 197 2396 fiones
225 2366 405 2403 aquarum
427 2366 516 2392 cum
539 2357 712 2405 apogaeis
735 2358 772 2393 δ(
795 2356 976 2408 perigaeis
998 2355 1226 2392 coelestium.
1283 2355 1422 2402 Neque
1440 2362 1570 2390 tamen
1598 2364 1690 2390 con·

76 2408 187 2452 tinuo
206 2408 379 2458 sequetur
396 2409 523 2459 (idque
538 2411 713 2449 homines
730 2412 921 2449 advertere
936 2411 1126 2457 volumus)
1147 2419 1242 2458 quae
1256 2409 1422 2460 periodis
1445 2409 1482 2445 ὅ(
1496 2408 1688 2445 curriculo

76 2466 272 2517 temporiS,
301 2474 364 2502 aut
383 2466 498 2503 etiam
517 2467 638 2504 modo
663 2464 813 2504 lationis
835 2464 1082 2511 conveniunt,
1111 2476 1154 2502 ea
1175 2473 1308 2501 natura
1336 2463 1406 2500 esse
1433 2462 1688 2511 subordinata,

77 2530 190 2568 atque
219 2521 380 2558 alterum
408 2521 515 2558 alteri
540 2534 614 2573 pro
641 2522 746 2560 causa
769 2521 850 2560 esse.
907 2523 1011 2559 Nam
1032 2531 1114 2557 non
1128 2531 1176 2557 eo
1201 2517 1316 2567 usque
1338 2518 1617 2569 progredimur,
1646 2529 1690 2556 ut

76 2572 308 2617 affirmemus
341 2585 470 2612 motus
499 2577 610 2614 lunae
629 2588 692 2615 aut
711 2576 799 2615 solis
826 2589 898 2629 pro
922 2573 1034 2613 causis
1047 2575 1142 2625 poni
1157 2584 1337 2613 motuum
1352 2574 1593 2621 inferiorum,
1623 2574 1692 2622 qui

77 2631 125 2682 ad
154 2631 241 2668 illos
270 2630 355 2668 sunt
384 2632 559 2680 analogi3
589 2643 651 2670 aut
679 2633 996 2671 solem&lunam
1013 2630 1067 2677 (ut
1082 2630 1198 2680 vulgo
1212 2629 1437 2678 loquuntur)
1466 2627 1687 2666 dominium

77 2686 217 2724 habere
237 2685 341 2735 super
361 2687 449 2722 illos
476 2695 605 2725 motus
634 2690 747 2726 maris
777 2688 879 2736 (licet
907 2684 1124 2732 hujusmodi
1138 2685 1389 2734 cogitationes
1416 2683 1525 2721 facile
1553 2683 1690 2721 menti-

80 2741 149 2787 bus
168 2740 371 2780 hominum
386 2741 587 2779 illabantur
603 2743 654 2780 ob
669 2745 955 2782 venerationem
971 2739 1212 2788 coele-stium,)
1243 2739 1306 2777 sed
1320 2741 1358 2778 δε
1372 2741 1414 2776 in
1428 2741 1497 2777 illo
1511 2738 1593 2789 ipso
1608 2750 1691 2775 mo-

80 2806 123 2848 tu
150 2795 433 2835 semimenstruo
462 2794 506 2846 (fi
534 2797 633 2834 reste
660 2798 885 2845 advertatur)
907 2798 1048 2834 mirum
1072 2798 1110 2834 ὅ(
1138 2807 1283 2834 novum
1307 2793 1460 2845 prorsus
1482 2794 1595 2832 fuerit
1623 2793 1692 2830 ob-

81 2849 199 2900 sequii
228 2864 358 2901 genus,
395 2862 436 2889 ut
465 2851 560 2890 aestu
589 2851 656 2890 sub
675 2854 882 2891 noviluniis
911 2854 948 2889 ὃ(
970 2852 1188 2901 pleniluniis
1210 2850 1343 2888 eadem
1370 2852 1570 2902 patiantur,
1599 2859 1689 2885 cum

82 2906 172 2944 luna
185 2908 344 2958 patiatur
363 2908 578 2949 contraria3
607 2910 645 2945 &
660 2910 780 2946 multa
794 2907 862 2946 alia
875 2907 1011 2945 adduci
1033 2903 1188 2958 possint,
1217 2917 1313 2958 quae
1336 2902 1552 2952 hujusmodi
1565 2902 1690 2939 domi*

82 2962 283 2999 nationum
312 2960 514 3014 phantasias
542 2961 742 3010 destruant,
771 2965 809 3000 &
836 2975 884 3000 eo
906 2961 1032 3014 potius
1056 2973 1137 2999 rem
1159 2961 1359 3008 deducant,
1388 2970 1430 2997 ut
1444 2971 1487 2996 ex
1510 2958 1690 2995 materiae

83 3012 313 3065 pastionibus
340 3017 550 3065 catholicis,
587 3020 625 3056 ὅ(
657 3019 791 3070 primis
825 3029 953 3055 retum
980 3016 1375 3067 coagmentationibus
1401 3011 1604 3051 consensus
1632 3012 1689 3048 illi

84 3072 267 3117 oriantur,
295 3083 376 3110 non
397 3070 497 3121 quast
518 3074 680 3111 alterum
700 3074 745 3110 ab
773 3073 895 3111 altero
914 3083 1075 3122 regatur,
1104 3070 1167 3111 sed
1195 3071 1300 3121 quod
1328 3080 1532 3116 utrumque
1559 3067 1606 3105 ab
1636 3065 1693 3103 iis-

84 3125 174 3164 dem
193 3127 403 3175 originibus
419 3129 456 3166 &
470 3126 659 3167 concaufis
673 3138 836 3167 emanet.
892 3129 1169 3169 Verumtamen
1193 3124 1414 3174 (utcunque)
1444 3131 1576 3161 manet⁴
1600 3119 1696 3211 illug

1591 3187 1668 3223 quo
