1973 3570
466 154 576 203 DE
623 146 1142 199 SAPIENTIA
1187 141 1660 194 VETERUM.

352 318 429 366 24.
465 306 765 359 Dimissus,
790 302 890 368 five
914 299 1164 366 Cupiditas.
1201 295 1260 346 V.
1278 299 1385 347 Lib.
1407 300 1463 345 II.
1493 298 1546 347 de
1565 300 1806 367 Aug-ment.
1832 321 1836 325 ’

334 421 587 458 NARRANT
611 413 916 466 SemelenJovis
930 416 1116 464 pellicem,
1145 412 1338 466 postquam
1350 414 1563 458 iuramento
1577 425 1663 450 curn
1678 412 1886 451 inviolabili

279 475 327 513 ad
345 485 478 512 votum
502 472 741 511 indefinitum
774 469 1042 510 obstrinxiss'ct3
1071 468 1208 518 petiisse
1231 479 1273 505 ut
1302 469 1348 505 ad
1375 469 1566 520 amplexus
1589 466 1672 505 suos
1695 466 1885 507 accederet

283 531 378 576 talis,
406 527 521 580 qualis
543 540 633 565 cum
646 525 805 578 Junone
817 524 1043 563 consuesset:
1073 524 1194 575 itaque
1209 522 1271 560 illa
1287 535 1329 560 ex
1343 522 1635 572 conflagratione
1649 523 1770 574 periit.
1825 523 1884 561 In'-

282 584 362 622 fans
387 595 526 630 autem,
556 594 671 634 quem
694 584 734 619 in
754 592 863 619 utero
886 578 1054 630 gestabat,
1090 592 1111 616 a
1139 589 1241 628 patre
1264 589 1447 628 exceptus,
1476 576 1515 614 in
1541 578 1666 614 femur
1689 578 1767 622 ejus
1790 575 1887 615 insu-

253 681 255 683 ,
283 650 342 676 tus
357 638 417 685 cst,
446 639 569 675 donec
584 636 726 674 menses
751 637 870 673 foetui
896 634 1094 672 destinatos
1122 634 1354 684 compleret3
1385 645 1427 670 ex
1442 644 1520 684 quo
1533 642 1662 669 tamen
1678 643 1795 669 onere
1808 629 1886 683 Ju-

274 693 386 746 piter
412 693 591 730 nonnihil
619 690 868 728 claudicabat:
898 688 1019 740 itaque
1046 701 1148 740 puer,
1176 687 1279 739 quod
1299 685 1449 738 Jovem
1464 688 1555 723 dum
1576 685 1613 723 in
1637 686 1784 725 femore
1811 687 1890 733 ejus

285 757 505 800 portaretur,
535 757 701 795 gravaret
722 748 758 781 ὃ(
776 754 969 796 pungeret,
1000 740 1323 793 {Djonystnomen
1344 740 1492 794 accepit.
1548 740 1747 793 Postquam
1761 750 1889 778 autem

284 803 403 839 editus
417 801 513 847 effet,
541 801 639 850 apud
654 797 928 851 Proserpinam
943 810 1007 846 per
1022 797 1165 846 aliquot
1177 809 1295 834 annos
1306 796 1467 834 nutritus
1485 795 1552 838 est3
1580 808 1670 833 cum
1683 806 1775 834 vero
1789 796 1890 833 adul-

285 867 344 893 tus
359 855 456 901 esset,
485 867 550 891 ore
565 855 640 891 fere
666 852 838 891 muliebri
851 852 1157 902 conspiciebatur,
1184 861 1229 888 ut
1250 850 1351 888 sexus
1369 850 1556 890 videretur
1579 861 1759 900 tanquam
1774 851 1890 887 ambi-

284 913 372 960 gui:
403 911 518 947 etiam
536 908 715 946 cxrinstus
735 907 953 957 &sepultus
983 918 1058 944 erat
1085 907 1132 944 ad
1153 916 1314 958 tempuS,
1343 909 1381 944 ὅ(
1407 918 1489 943 non
1513 908 1563 943 ita
1592 908 1717 943 multo
1739 905 1818 954 post
1838 917 1891 942 re-

284 966 386 1002 vixit.
443 964 573 1012 Atque
595 965 714 1015 prima
734 964 884 1009 juventa
911 961 992 1000 vitis
1019 963 1218 1008 culturam,
1247 971 1358 1010 atque
1387 962 1484 998 adeo
1513 959 1589 998 vini
1607 960 1890 998 confectionem

285 1018 325 1056 &
341 1018 448 1056 usum
468 1020 611 1068 primus
626 1020 771 1056 invenit
792 1019 829 1054 δε
845 1016 994 1054 edocuit
1010 1031 1020 1059 ς
1048 1029 1090 1054 ex
1106 1029 1184 1068 quo
1198 1015 1351 1053 celebris
1366 1016 1481 1054 fastus
1501 1018 1540 1053 ὅς
1555 1017 1728 1064 inclytus,
1757 1015 1891 1058 orbern

283 1084 468 1112 terrarum
497 1072 702 1122 subjugavit
731 1075 768 1110 ὃς
796 1072 842 1109 ad
869 1073 1028 1109 ultimos
1057 1068 1240 1110 Indorum
1269 1073 1455 1109 terminos
1477 1068 1659 1122 perrexit:
1697 1078 1805 1107 curru
1832 1082 1892 1107 au-

285 1139 366 1167 tem
387 1128 588 1165 vehebatur
612 1140 632 1165 a
651 1127 807 1177 tigribus
827 1127 966 1164 trastoz
995 1128 1092 1164 circa
1107 1138 1194 1164 eum
1210 1125 1460 1163 subsultabant
1482 1126 1684 1162 daemones
1707 1125 1895 1162 deformes

287 1181 422 1222 Gabali
444 1184 580 1230 vocati,
609 1181 788 1220 Acratus
816 1185 853 1219 ὅ(
878 1181 960 1218 alii:
988 1183 1081 1233 quin
1107 1184 1142 1218 ὅ(
1157 1179 1296 1231 Μῖψιθ
1314 1180 1508 1218 comitatui
1534 1182 1611 1225 ejus
1636 1179 1672 1217 se
1693 1179 1889 1216 addebant.

286 1239 465 1279 Uxorem
478 1248 605 1275 autem
625 1235 690 1274 fibi
702 1235 851 1289 sumplit
868 1234 1073 1274 Ariadnen
1087 1249 1107 1273 a
1123 1232 1264 1288 Theseo
1278 1235 1455 1272 desertam
1472 1238 1508 1272 ὅ(
1524 1236 1702 1272 ῑεΙίἑὶειῃ.
1757 1234 1889 1271 Arbor

289 1293 324 1332 ei
349 1292 444 1330 sacra
468 1302 544 1329 erat
572 1293 728 1330 Hedera.
784 1290 906 1329 Etiam
940 1292 1128 1329 sacrorum
1156 1293 1192 1328 δε
1215 1292 1514 1327 ceremoniarum
1536 1289 1711 1327 inventor
1734 1291 1769 1325 ὅ(
1795 1287 1892 1326 inssi-

287 1358 394 1385 tutor
415 1347 630 1394 habebatur,
658 1348 735 1393 ejus
763 1356 891 1383 tamen
906 1349 1052 1395 generis
1080 1358 1174 1397 quac
1204 1348 1240 1382 ὃ(
1267 1346 1446 1381 fanaticae
1475 1355 1577 1381 erant
1598 1347 1634 1382 ὅ(
1658 1345 1788 1395 plenae
1815 1354 1896 1380 cor-

285 1403 516 1453 ruptelarum
536 1413 646 1450 atque
666 1400 812 1452 insuper
837 1401 1012 1437 crudeles.
1070 1401 1226 1437 Furores
1250 1412 1401 1450 quoque
1430 1398 1660 1436 immittendi
1676 1397 1896 1450 potestatem

290 1457 460 1495 habebat.
517 1457 632 1493 Certe
649 1455 688 1492 in
704 1454 814 1504 orgiis
833 1456 910 1500 ejus
937 1467 958 1491 a
978 1455 1195 1492 mulieribus
1227 1454 1354 1491 furore
1376 1453 1532 1504 percitis,
1560 1454 1639 1490 duo
1659 1450 1895 1502 viriinfignes

292 1510 462 1562 discerpti
474 1520 682 1557 narrantur,
698 1507 904 1548 Pentheus
916 1512 953 1547 ὃ(
961 1507 1153 1562 Orpheus3
1166 1508 1227 1546 ille
1237 1510 1340 1556 dum,
1353 1510 1484 1547 arbore
1493 1508 1703 1556 conscensa,
1718 1507 1896 1560 spectator

290 1577 424 1604 eorum
457 1577 552 1614 quae
576 1575 773 1615 agerentur
800 1565 869 1602 esse
883 1563 1071 1606 voluissets
1100 1565 1161 1602 hic
1181 1577 1268 1602 cum
1288 1565 1404 1614 lyram
1420 1564 1589 1614 pulsaret.
1644 1563 1774 1613 Atque
1788 1563 1897 1607 hujus

292 1620 353 1659 dei
368 1633 424 1657 res
439 1619 555 1669 gestae
565 1632 655 1658 curn
668 1618 798 1671 Jovis
820 1620 929 1657 rebus
956 1620 1032 1657 fere
1061 1620 1357 1657 confunduntur.
1414 1620 1549 1656 Fabula
1570 1617 1714 1657 videtur
1739 1617 1785 1655 ad
1814 1628 1897 1655 mo-

292 1689 349 1713 res
364 1677 563 1725 pertinere,
592 1686 635 1713 ut
659 1674 753 1713 nihil
768 1677 808 1712 in
828 1674 1062 1725 philosophia
1089 1673 1222 1712 morali
1238 1675 1369 1711 melius
1391 1674 1612 1712 inveniatur.
1669 1671 1898 1711 Describitur

292 1740 421 1768 autem
435 1730 593 1781 persona
605 1727 756 1768 Bacchi
764 1740 895 1768 natura
904 1729 1112 1780 cupiditatis
1125 1747 1139 1773 ,-
1170 1728 1239 1766 five
1254 1729 1403 1766 affectus
1418 1732 1453 1766 ὅ(
1469 1727 1767 1778 perturbationis.
1815 1728 1897 1765 Ma-

294 1794 353 1823 ter
373 1787 477 1823 enim
491 1784 701 1837 cupiditatis
718 1784 855 1833 omnis,
884 1787 971 1822 licet
996 1781 1294 1831 nocentissimae,
1323 1796 1404 1821 non
1419 1783 1487 1820 alia
1502 1784 1561 1830 est,
1590 1794 1703 1832 quam
1717 1782 1900 1836 appetitus

294 1843 333 1878 &
353 1838 573 1878 desiderium
593 1841 687 1877 boni
701 1839 928 1890 apparentis:
958 1838 1167 1892 concipitur
1186 1852 1277 1877 vero
1302 1838 1445 1891 semper
1467 1837 1645 1889 cupiditas
1668 1839 1709 1875 in
1737 1847 1831 1875 voto
1857 1833 1900 1874 il-

295 1894 400 1934 licito
414 1896 515 1946 prius
527 1905 668 1932 temere
682 1896 867 1943 concess'o,
897 1907 1011 1944 quarn
1040 1896 1234 1932 intellecto
1259 1896 1295 1932 &
1324 1893 1499 1941 judicato.
1554 1893 1753 1942 Postquam
1773 1901 1900 1930 autem

294 1950 447 1988 affectus
471 1949 709 1989 effervescere
728 1949 902 2001 coeperit,
933 1961 1050 1988 mater
1064 1951 1153 1997 erS,
1185 1950 1330 1998 (natura
1349 1948 1484 1987 scilicet
1498 1949 1605 1996 boni)
1636 1961 1678 1986 ex
1698 1946 1821 1985 nimio
1843 1948 1899 1984 in-

294 2003 432 2042 cendio
452 2005 647 2043 destruitur
670 2008 707 2043 &
726 2005 839 2056 perit:
869 2005 1048 2055 cupiditas
1062 2014 1190 2042 autem
1213 2004 1306 2042 dum
1334 2005 1534 2041 immatura
1550 2004 1598 2041 est
1622 2002 1662 2041 in
1681 2004 1806 2040 anima
1833 2001 1901 2039 hu-

294 2071 433 2101 mana3
464 2060 572 2109 (quae
587 2062 664 2107 ejus
690 2060 841 2110 genitor
863 2061 911 2098 est
934 2063 972 2097 δε
989 2072 1054 2112 per
1069 2058 1218 2111 Jovem
1241 2058 1543 2110 repraesentatur)
1574 2060 1612 2096 &
1635 2059 1842 2096 nutricatur
1862 2058 1901 2094 δε

295 2116 518 2162 occultatur,
546 2115 735 2165 praecipue
754 2115 793 2153 in
807 2117 955 2153 animae
978 2125 1081 2168 parte
1100 2115 1276 2152 inferiore
1294 2124 1474 2164 tanquam
1492 2113 1661 2154 femore3
1690 2123 1802 2161 atque
1825 2110 1900 2148 ani-

296 2182 407 2207 mum
423 2169 554 2220 pungit
583 2173 619 2207 &
635 2170 814 2208 convellit
842 2173 879 2208 &
901 2171 1100 2222 deprimit3
1128 2170 1224 2207 adeo
1250 2180 1292 2207 ut
1308 2170 1454 2207 decreta
1477 2171 1514 2206 &
1533 2167 1694 2205 actiones
1709 2179 1751 2205 ex
1767 2178 1809 2204 ea
1830 2165 1900 2203 im-

296 2225 495 2274 pediantur
511 2228 547 2262 &
574 2226 796 2263 claudicent.
852 2226 982 2277 Atque
998 2224 1109 2263 etiam
1125 2224 1318 2277 postquam
1334 2224 1516 2262 consensu
1544 2226 1581 2261 ὅ(
1603 2223 1733 2260 habitu
1760 2221 1896 2259 confir-

298 2290 399 2317 mata
420 2280 480 2327 cst,
511 2279 604 2318 &in
632 2280 732 2319 aetus
754 2282 929 2332 erumpit,
960 2291 1087 2318 tamen
1116 2280 1212 2330 apud
1234 2277 1508 2331 Proserpinam
1536 2278 1581 2315 ad
1601 2288 1749 2327 tempus
1771 2276 1901 2314 educa*

299 2344 383 2372 tur:
412 2334 449 2371 id
475 2335 534 2381 est,
563 2336 720 2373 latebras
740 2334 893 2387 quaerit,
921 2345 1029 2387 atque
1056 2335 1277 2372 clandestina
1303 2335 1351 2372 est
1367 2337 1403 2371 δί
1431 2331 1529 2383 quasi
1560 2333 1805 2378 subterranea,
1833 2331 1900 2368 do-

300 2400 381 2435 nec,
409 2389 562 2427 remotis
577 2391 732 2442 pudoris
748 2395 783 2428 ὅ(
806 2401 930 2428 metus
951 2389 1083 2428 fraenis
1106 2392 1142 2426 ὅ(
1157 2391 1291 2426 coalita
1313 2388 1473 2436 audacia,
1500 2398 1563 2426 aut
1583 2385 1728 2425 virtutis
1746 2387 1900 2432 alicujus

300 2453 533 2493 praetextum
548 2445 671 2491 sumit,
698 2455 761 2484 aut
776 2445 972 2483 infamiam
995 2444 1108 2495 ipsam
1123 2443 1348 2481 contemnit.
1403 2443 1533 2495 Atque
1561 2442 1654 2480 illud
1668 2437 1899 2479 verissimum

298 2497 360 2541 est,
389 2510 547 2537 omnem
569 2499 744 2539 affectum
767 2501 1088 2539 vehementiorem
1116 2509 1295 2547 tanquam
1323 2497 1487 2548 ambigui
1514 2497 1614 2536 sexus
1641 2496 1722 2534 effe.
1776 2496 1898 2533 Habet

296 2550 400 2589 enim
420 2554 603 2603 impetum
623 2554 781 2603 virilem,
811 2557 1077 2605 impotentiam
1095 2564 1222 2591 autem
1245 2552 1481 2591 muliebrem.
1537 2551 1660 2590 Etiam
1679 2550 1772 2588 illud
1798 2561 1899 2600 prae-

296 2607 395 2643 clare
410 2605 607 2647 Bacchum
626 2622 823 2648 mortuum
838 2610 1058 2648 reviviscere.
1114 2607 1299 2648 Videntur
1313 2607 1415 2645 enim
1430 2607 1580 2645 affectus
1595 2605 1819 2657 quandoque
1843 2605 1899 2642 so-

297 2659 367 2710 piti
382 2670 491 2712 atque
506 2663 666 2712 extimi,
696 2665 757 2702 sed
772 2666 876 2703 nulla
889 2666 980 2702 fides
993 2664 1162 2702 habenda
1184 2662 1233 2701 est
1249 2664 1312 2710 eis,
1343 2675 1390 2701 ne
1415 2662 1563 2714 sepultis
1590 2659 1764 2709 quidem3
1792 2657 1900 2709 siqui-

297 2716 389 2753 dem
409 2716 571 2768 pracbita
593 2722 748 2757 materia
773 2723 810 2757 &
833 2718 1024 2757 occasione
1056 2719 1262 2769 resurgunt.
1320 2717 1450 2769 Atque
1481 2718 1528 2755 de
1561 2716 1789 2754 inventione
1815 2714 1916 2752 vitis'

298 2771 474 2820 parabola
492 2772 653 2823 prudens
668 2775 734 2811 est:
764 2776 891 2813 omnis
918 2778 1021 2813 enim
1043 2774 1194 2812 affestus
1210 2772 1423 2823 ingeniosus
1444 2771 1493 2810 est
1507 2774 1543 2809 ὃς
1558 2771 1673 2820 sagax,
1702 2770 1747 2807 ad
1762 2768 1901 2807 investi-

300 2825 468 2874 gandum
486 2825 637 2864 fomites
655 2828 736 2866 suos
752 2843 762 2869 ς
791 2840 877 2867 ante
892 2831 1023 2867 omnia
1031 2839 1170 2876 autern,
1199 2841 1292 2877 quac
1308 2827 1524 2865 hominibus
1539 2825 1751 2870 innotuere,
1767 2823 1899 2861 vinum

299 2881 346 2917 ad
365 2880 660 2931 perturbationes
682 2883 932 2933 cujuscunque
952 2886 1096 2934 generis
1112 2883 1319 2921 excitandas
1339 2885 1376 2920 ὅ(
1393 2879 1676 2918 inflammandas
1692 2875 1901 2931 potentiffi-

301 2946 409 2972 mum
436 2935 484 2972 est
511 2938 548 2974 δε
564 2938 726 2973 maxime
754 2935 912 2980 efficax;
939 2951 1050 2991 atque
1078 2939 1126 2976 cst
1154 2936 1205 2975 eis
1238 2938 1346 2974 instar
1373 2934 1513 2973 fomitis
1539 2933 1765 2972 communis.
1821 2935 1901 2971 Ele-

300 2986 514 3038 gantissime
534 3001 658 3028 autem
674 2990 830 3043 ponitur
855 2993 1006 3030 affeetus
1033 2990 1308 3045 provinciarum
1339 2990 1564 3039 subjugator,
1593 2991 1630 3026 ὅ(
1659 2987 1899 3041 expeditionis

300 3043 464 3083 infinitae
484 3045 680 3096 susceptor.
738 3048 948 3096 Nunquam
971 3050 1075 3085 enim
1100 3049 1213 3099 partis
1234 3043 1441 3097 acquiescit,
1469 3043 1531 3081 sed
1558 3042 1721 3096 appetitu
1748 3043 1902 3080 infinito

1777 3108 1903 3145 neque
