1973 3570
135 239 234 286 244
300 217 407 269 DE
461 211 1333 266 INTERPRETATI'ONE
1377 210 1805 259 NATURAE.

275 313 423 367 prorsus
438 313 598 351 modum
614 312 861 350 excesserunt„
906 313 962 349 At
983 310 1212 360 antiquiores
1232 322 1275 347 ex
1292 309 1455 348 Graecis
1472 309 1649 358 (quorum
1665 307 1797 360 scripta
1817 320 1876 359 pe-

274 370 431 417 rierunt)
455 370 552 406 inter
579 368 850 419 pronuntiandi
867 368 1090 414 jactantiam,
1120 363 1400 416 &acatalepsiae
1413 364 1711 413 desperationem
1723 365 1879 411 pruden-

276 427 350 464 tius
379 424 414 462 se
444 422 702 468 sustinuerunt,
747 425 783 459 ὃς
811 422 857 459 de
885 420 1137 470 inquisitionis
1166 417 1398 465 difficultate,
1437 422 1474 457 δε
1502 430 1625 455 rerum
1657 417 1879 454 obscuritate

276 479 417 529 saepius
437 478 694 527 querimonias
722 479 759 514 &
789 477 1070 526 indignationes
1090 474 1297 521 miscentes,
1328 477 1365 511 ὅ(
1386 474 1502 512 veluti
1518 473 1690 510 fraenum
1706 472 1881 509 morden-

278 546 346 582 teS,
374 545 502 571 tamen
522 529 757 583 propositum
781 543 925 581 urgere,
955 541 1065 579 atque
1087 540 1238 568 naturae
1261 529 1296 566 se
1321 529 1531 565 immiscere
1551 539 1631 564 non
1652 526 1882 572 destiterunt,

279 588 592 634 consentaneum,
629 597 670 623 ut
698 586 857 633 videtur,
887 586 1142 632 existimanteS,
1179 585 1252 622 hoe
1281 583 1402 633 ipsum
1433 584 1606 621 videlieet
1635 591 1762 618 utrum
1792 581 1883 629 quid

281 643 364 682 sciri
392 638 517 693 possit,
547 653 629 678 non
653 641 838 693 disputare
862 640 922 677 sed
947 641 1114 690 experiri.
1173 640 1304 688 Atque
1323 649 1452 675 tamen
1477 639 1532 674 illi
1556 634 1620 688 ipsi
1640 637 1783 684 impetu
1807 646 1885 672 tan-

283 709 367 736 tum
391 696 602 734 intellectus
624 693 675 732 usi
699 696 795 742 sunt,
832 696 1000 744 regulam
1022 707 1103 732 non
1126 694 1387 739 adhibuerunt,
1424 693 1486 730 sed
1509 693 1640 729 onmia
1666 692 1706 727 in
1730 690 1885 727 medita-

285 754 394 790 tione
413 750 497 795 acri,
526 752 716 787 &mentis
735 749 981 796 volutatione,
1011 752 1047 786 ὃ(
1063 748 1264 798 agitatione
1285 758 1460 797 perpetua
1475 747 1691 799 posuerunt.
1750 744 1886 788 Nostra

285 818 414 845 autem
437 806 546 851 rati0‚
575 813 615 840 ut
631 815 744 852 opere
767 804 891 850 ardua,
921 805 972 840 ita
995 804 1096 840 <lietu
1111 804 1228 839 facilis
1247 802 1316 843 est3
1346 815 1387 839 ea
1402 804 1506 839 enim
1527 801 1631 838 estut
1654 799 1890 836 certitudinis

287 861 423 912 gradus
455 857 720 895 constituamus
738 873 745 895 :
790 858 936 895 sensum
970 869 1035 907 per
1070 858 1327 894 reduffionem
1363 857 1550 905 quandam
1584 866 1785 895 tueamur3
1828 853 1892 893 sed

289 916 428 953 mentis
456 925 550 963 opus
578 913 683 960 quod
709 912 858 950 sensum
883 912 1113 960 subsequitur
1143 910 1181 959 (Γι
1199 910 1264 949 fibi
1291 911 1365 961 ipsa
1389 911 1639 963 permittatur)
1671 909 1892 958 plerumque

290 971 519 1016 rejiciamus;
559 978 699 1006 novam
723 978 849 1005 autem
870 968 907 1005 ὃ(
934 977 1075 1004 certam
1103 968 1200 1006 vlam
1221 967 1267 1003 ab
1295 964 1377 1016 ipsis
1405 964 1577 1004 sensuum
1593 964 1893 1014 perceptionibus

289 1025 413 1062 menti
429 1021 634 1072 aperiamus
649 1025 685 1060 δε
699 1024 924 1060 muniamus.
983 1022 1113 1071 Atque
1134 1021 1208 1059 hoc
1223 1022 1473 1071 proculdubio
1488 1021 1660 1058 viderunt
1677 1021 1713 1056 ὅ(
1731 1017 1799 1065 illi,
1828 1018 1893 1067 qui

292 1088 415 1116 tantas
437 1077 650 1115 dialefficae
669 1088 789 1127 partes
808 1078 1040 1114 tribuerunt:
1079 1078 1131 1114 Ex
1153 1089 1231 1125 quo
1255 1078 1372 1125 liquet
1396 1077 1483 1112 illos
1509 1074 1717 1112 intellectus
1738 1073 1895 1110 admini-

293 1134 379 1171 cula
398 1130 617 1182 quaefiviffe,
655 1135 692 1169 ὃς
714 1131 850 1169 mentis
869 1131 1076 1182 processum
1097 1133 1265 1169 nativum
1290 1135 1326 1168 ἃ
1349 1130 1483 1180 sponte
1507 1139 1740 1175 moventem,
1779 1127 1895 1177 suspe-

293 1189 400 1226 Ctum
427 1185 598 1224 habuiss'e.
657 1188 729 1224 Sed
749 1187 869 1224 serum
894 1197 1023 1224 tamen
1048 1187 1156 1224 rebus
1176 1187 1329 1235 perditis
1348 1187 1422 1223 hoc
1448 1186 1643 1222 adhibetur
1672 1183 1895 1229 remedium,

296 1243 490 1294 postquam
510 1253 617 1278 mens
639 1255 682 1279 ex
705 1241 925 1291 quotidiana
947 1243 1044 1279 vitae
1067 1240 1336 1278 consuetudine
1357 1243 1393 1277 ὅ(
1415 1240 1680 1285 auditionibus,
1718 1238 1899 1274 doetrinis

296 1298 504 1346 inquinatis
528 1307 717 1348 occupata,
754 1299 791 1334 ὃ(
810 1292 1015 1335 vanissimis
1038 1296 1151 1333 idolis
1171 1296 1308 1333 obsessa
1332 1296 1456 1333 fue-rit.
1512 1297 1639 1342 Itaque
1659 1304 1715 1329 ars
1733 1287 1805 1329 ‘illa
1824 1293 1899 1329 dia-

298 1353 452 1391 lecticae
471 1350 554 1389 sero
581 1351 636 1398 (ut
656 1352 830 1400 diximus)
857 1363 1001 1397 cavenS‚
1037 1363 1160 1399 neque
1180 1362 1262 1387 rem
1287 1351 1367 1387 ullo
1392 1350 1512 1386 modo
1537 1350 1740 1393 restituenS‚
1775 1348 1902 1399 potius

300 1407 350 1444 ad
378 1418 523 1444 errores
550 1405 720 1456 figendos
748 1417 861 1455 quam
890 1406 936 1442 ad
963 1406 1159 1444 veritatem
1187 1405 1426 1454 aperiendam
1454 1405 1579 1442 valuit.
1640 1402 1764 1440 Restat
1794 1403 1904 1439 unica

300 1462 397 1500 salus
416 1474 458 1498 ac
483 1460 626 1507 sanitas,
665 1471 705 1498 ut
729 1473 822 1510 opus
844 1458 1057 1497 universum
1084 1460 1223 1496 mentis
1242 1459 1288 1496 de
1313 1460 1464 1508 integro
1483 1458 1701 1504 resumatur,
1729 1468 1772 1494 ac
1795 1465 1904 1494 mens

301 1518 379 1565 jam
394 1517 439 1553 ab
461 1516 542 1564 ipso
556 1514 743 1564 principio
766 1515 876 1552 nullo
890 1513 1010 1550 modo
1034 1512 1098 1551 fibi
1118 1515 1369 1565 permittatur,
1397 1513 1459 1551 sed
1478 1523 1661 1565 perpetuo
1675 1522 1833 1561 regatur,
1861 1522 1905 1548 ae

302 1584 361 1609 res
380 1569 494 1609 veluti
516 1581 581 1621 per
605 1570 793 1608 machinas
818 1568 1048 1607 conficiatur.
1107 1571 1202 1606 Sane
1226 1567 1251 1605 fi
1273 1580 1388 1618 opera
1403 1569 1620 1606 mechanica
1643 1567 1818 1605 homines
1839 1578 1905 1603 nu·

304 1626 362 1663 dis
386 1625 557 1662 manibus
587 1624 723 1674 absque
741 1624 1077 1662 instrumentorum
1103 1625 1139 1662 vi
1160 1626 1197 1661 ὅ(
1225 1636 1298 1675 ope
1317 1620 1472 1673 aggressi
1499 1623 1624 1669 essent,
1661 1620 1905 1670 quemadmo-

305 1682 400 1718 dum
423 1691 535 1730 opera
556 1680 819 1717 intelleCmalia
833 1679 943 1716 nudis
964 1679 1042 1716 fere
1065 1680 1203 1716 mentis
1224 1680 1363 1716 viribus
1382 1679 1536 1716 trastare
1559 1690 1640 1715 non
1663 1677 1906 1715 dubitatunt3

306 1747 439 1786 parvae
453 1734 661 1772 admodum
675 1735 823 1772 fuiffent
839 1746 908 1780 res,
937 1745 1026 1782 quas
1041 1745 1195 1771 movere
1218 1736 1255 1771 ὅ(
1269 1735 1417 1771 vincere
1431 1733 1645 1785 potuissent,
1673 1730 1760 1769 licet
1774 1742 1907 1781 operas

304 1791 445 1837 enixas,
473 1799 584 1838 atque
599 1788 711 1827 etiam
734 1789 949 1835 conjunstas
968 1787 1233 1840 praestitissent.
1288 1788 1418 1837 Atque
1433 1787 1458 1825 fi
1481 1786 1660 1840 paulisper
1675 1787 1830 1832 mora-ri,
1858 1795 1909 1823 at·

308 1846 441 1896 quein
456 1844 530 1883 hoc
544 1844 665 1894 ipsum
681 1845 894 1895 exemplum
914 1845 1031 1881 veluti
1047 1844 1087 1880 in
1112 1843 1303 1895 speculum
1320 1844 1459 1880 intueri
1474 1844 1643 1889 velimus,
1673 1842 1909 1889 exquiramus

312 1899 355 1950 (si
377 1898 512 1950 placet)
536 1897 562 1936 fi
577 1900 675 1937 forte
698 1898 880 1937 obeliscus
899 1897 1029 1947 aliquis
1048 1899 1310 1948 magnitudine
1324 1896 1475 1948 insignis
1494 1898 1539 1935 ad
1558 1896 1741 1948 triumphi
1763 1896 1822 1934 vcl
1844 1894 1912 1932 hu-

312 1955 477 2004 jusmodi
493 1955 793 2005 magnificentiae
808 1954 919 1991 decus
948 1953 1225 1991 transferendus
1253 1953 1351 2000 effet,
1389 1964 1501 2002 atque
1530 1953 1568 1990 id
1598 1952 1773 1990 homines
1801 1950 1912 1987 nudis

312 2010 488 2049 manibus
503 2010 804 2059 aggrederentur,
832 2021 879 2045 an
895 2021 975 2045 non
996 2008 1070 2045 hoc
1089 2020 1247 2058 magnae
1262 2007 1452 2054 cujusdam
1467 2007 1537 2045 effe
1563 2004 1787 2052 dementiae,
1816 2004 1913 2055 spee-

313 2076 415 2104 tator
438 2063 618 2114 quispiam
638 2064 780 2102 sobrius
803 2063 854 2100 rei
878 2063 1078 2101 fateretur?
1113 2064 1230 2115 Quod
1254 2061 1280 2100 fi
1298 2075 1500 2101 numerum
1524 2063 1783 2115 operariorum
1805 2072 1914 2109 auge-

314 2130 414 2167 rent,
443 2129 554 2168 atque
567 2120 643 2157 hoe
664 2120 786 2157 modo
800 2118 835 2156 se
857 2119 978 2156 valere
993 2118 1093 2168 poss‘e
1115 2118 1362 2165 confiderent,
1391 2130 1438 2155 an
1454 2131 1534 2155 non
1558 2127 1666 2154 tanto
1682 2114 1817 2165 magis?
1847 2116 1915 2153 Sin

314 2185 443 2213 autem
466 2175 651 2212 delestum
674 2175 862 2223 quendam
885 2174 1060 2210 adhibere
1079 2174 1231 2220 vellent,
1261 2183 1372 2221 atque
1394 2173 1660 2210 imbecilliores
1676 2171 1850 2220 separare,
1877 2172 1917 2208 ὅ(

317 2229 475 2268 robustis
496 2239 645 2266 tantum
669 2233 705 2267 ὃς
727 2229 939 2278 vigentibus
963 2230 1030 2275 uti,
1059 2238 1169 2276 atque
1192 2228 1281 2265 hinc
1302 2228 1431 2266 saltem
1453 2227 1489 2264 se
1510 2228 1589 2265 voti
1614 2226 1696 2263 fore
1719 2234 1917 2274 compotes
1960 2235 1962 2238 ·

319 2285 528 2335 sperarent3
557 2296 605 2321 an
624 2296 705 2322 non
728 2284 848 2321 adhuc
863 2295 927 2320 eos
951 2281 1150 2335 impensius
1171 2282 1326 2321 delirare
1349 2284 1509 2320 diceret?
1536 2283 1642 2333 Quin
1667 2277 1821 2318 etiamsi
1842 2279 1918 2321 hoe

319 2339 402 2390 ipso
416 2352 497 2377 non
517 2341 702 2386 contenti,
731 2349 849 2376 artem
872 2338 1026 2375 tandem
1046 2337 1258 2385 athleticam
1274 2337 1468 2375 consulere
1490 2335 1700 2383 statuerent,
1728 2346 1770 2373 ac
1785 2346 1920 2373 omnes

321 2396 498 2444 deinceps
521 2406 608 2432 cum
628 2394 800 2431 manibus
816 2395 852 2430 ὅ(
874 2394 1019 2430 lacertis
1033 2395 1070 2430 ὃς
1092 2394 1215 2431 nervis
1230 2406 1272 2430 ex
1297 2403 1374 2430 arte
1390 2393 1485 2429 bene
1507 2391 1638 2438 unitis,
1667 2393 1704 2428 &
1726 2389 1920 2429 medicatis

324 2449 442 2487 adesse
465 2449 659 2495 juberent3
686 2461 734 2486 an
756 2461 838 2486 non
857 2447 1005 2498 prorsus
1020 2459 1084 2485 eos
1107 2447 1194 2484 dare
1209 2459 1361 2497 operam
1384 2456 1425 2484 ut
1440 2458 1527 2484 cum
1548 2447 1694 2483 ratione
1708 2444 1867 2494 quadam
1882 2446 1920 2482 &

325 2503 523 2556 prudentia
545 2504 763 2550 insanirent,
789 2504 992 2540 clamaret?
1018 2501 1148 2550 Atque
1169 2512 1297 2539 tamen
1318 2499 1428 2539 fimili
1448 2501 1622 2539 homines
1642 2499 1830 2537 malesano
1851 2499 1920 2536 im-

324 2568 429 2608 petu,
458 2561 494 2595 &
512 2559 792 2612 conspiratione
816 2559 941 2595 inutili
962 2556 1132 2595 feruntur
1154 2558 1195 2594 in
1217 2557 1550 2598 intellestualibus5
1577 2556 1667 2593 dum
1683 2554 1729 2592 ab
1751 2554 1922 2603 ingenio—

328 2624 416 2650 rum
439 2613 497 2650 vel
520 2613 762 2652 multitudine
787 2616 823 2650 δε
849 2611 1042 2660 consensu,
1078 2612 1137 2650 vel
1160 2613 1378 2649 excellentia
1406 2613 1443 2648 &
1462 2612 1646 2656 acumine,
1684 2620 1818 2658 magna
1846 2607 1921 2658 spe-

330 2677 429 2713 rant,
468 2677 529 2704 aut
557 2671 671 2705 etiam
697 2668 886 2706 dialectica
916 2667 1023 2716 (quae
1050 2667 1231 2716 quaedam
1259 2666 1431 2704 athletica
1456 2665 1596 2704 censeri
1625 2659 1752 2714 poffit)
1782 2665 1921 2701 mentis

330 2732 466 2760 nervos
481 2721 673 2770 roborant,
702 2724 762 2761 sed
781 2724 935 2760 interim
949 2724 1036 2759 licet
1054 2732 1163 2759 tanto
1182 2722 1303 2760 studio
1316 2723 1354 2759 ὅ(
1368 2732 1506 2759 conatu
1522 2719 1561 2767 (si
1575 2721 1657 2768 quis
1670 2730 1755 2756 vere
1769 2718 1922 2765 judicet)

331 2776 567 2817 intellectum
589 2779 734 2815 nudum
757 2779 939 2828 applicare
960 2789 1042 2815 non
1064 2774 1245 2815 desinunt.
1303 2772 1643 2814 Manifestissimum
1664 2783 1789 2811 autem
1812 2771 1861 2810 est
1883 2774 1925 2810 in

333 2832 448 2870 omni
462 2842 573 2883 opere
594 2843 746 2880 magno,
776 2832 878 2881 quod
894 2843 1026 2870 manus
1049 2832 1214 2870 hominis
1232 2832 1394 2882 praestat,
1423 2829 1497 2868 fine
1520 2829 1771 2866 instrumentis
1786 2830 1823 2866 &
1849 2839 1924 2865 ma-

337 2887 471 2932 chinis,
506 2887 600 2923 vires
620 2898 688 2922 nec
712 2885 942 2937 singulorum
967 2888 1125 2934 intendi,
1155 2898 1223 2924 nec
1242 2889 1417 2924 omnium
1441 2887 1543 2922 coire
1565 2882 1676 2933 posse.
1731 2884 1859 2932 Itaque
1882 2894 1926 2920 ex

305 2976 308 2978 .
338 2940 406 2988 his,
442 2951 535 2989 quae
559 2940 731 2987 diximus,
767 2938 981 2990 praemissis,
1017 2942 1205 2980 statuimus
1232 2943 1321 2979 duas
1341 2940 1410 2978 esse
1437 2951 1493 2976 res
1517 2939 1565 2976 de
1594 2938 1727 2987 quibus
1752 2937 1928 2975 homines

340 2996 451 3045 plane
479 2997 649 3032 monitos
668 2996 853 3042 volumus,
890 3009 939 3033 ne
963 2997 1062 3034 forte
1087 2998 1172 3034 illae
1197 3009 1262 3034 eos
1281 2997 1425 3044 fugiant
1450 3003 1512 3030 aut
1538 3003 1791 3045 praetereant:
1828 2994 1926 3044 Qua-

342 3059 427 3087 rum
441 3048 560 3099 prima
578 3049 793 3096 hujusmodi
816 3049 884 3090 est5
913 3051 991 3087 fieri
1013 3051 1092 3087 fato
1105 3052 1283 3099 quodam,
1312 3060 1353 3088 ut
1375 3048 1632 3094 existimamus,
1663 3049 1780 3094 bono,
1810 3047 1853 3084 ad
1870 3058 1927 3085 cx·

338 3105 559 3156 tinguendas
579 3107 617 3145 ὃ(
630 3105 864 3157 depellendas
883 3106 1209 3154 contradictione&
1239 3108 1276 3143 δ(
1289 3114 1456 3143 tumores
1471 3104 1700 3150 animorum,
1729 3113 1768 3140 ut
1784 3105 1819 3140 ὃς
1833 3111 1928 3138 vete-

1828 3156 1942 3205 ribus*
