1973 3570
101 242 198 306 :³48

361 393 1717 562 *PRAEFATlo.

357 675 401 832 E·
463 675 503 713 N
514 675 548 711 T
560 673 575 711 1
585 672 744 725 QUIT
754 669 833 707 AT
843 669 871 706 E
885 668 927 706 M
958 667 1197 718 primaevam,
1232 665 1407 717 (exceptis
1435 677 1529 713 quae
1556 663 1596 702 in
1625 665 1731 705 sacris
1759 668 1875 708 literis

491 725 686 776 habemus)
703 723 843 762 oblivio
859 726 895 760 <St
909 721 1095 759 silentium
1123 719 1302 761 involvit3
1344 718 1485 757 silentia
1505 720 1746 769 antiquitatis,
1773 724 1875 762 fabu-

490 784 546 820 lae
565 784 762 833 poetarum
778 786 1027 827 exceperunt:
1069 776 1203 813 fabulis
1231 774 1386 812 tandem
1403 773 1594 812 success'ere
1622 775 1752 827 scripta
1778 776 1876 827 ‘quae

495 837 673 873 habemus
690 849 700 875 ς
727 833 822 870 adeo
841 843 882 868 ut
897 831 1126 881 antiquitatis
1139 830 1354 879 penetralia,
1378 828 1416 864 &
1435 829 1587 866 recessus
1607 842 1626 867 a
1641 829 1877 883 sequentium

289 893 520 932 saeculorum
534 888 728 934 memoria,
760 890 796 924 &
812 885 995 924 evidentia
1019 895 1199 932 tanquam
1213 884 1299 922 velo
1320 884 1530 921 fabularum
1543 882 1695 923 discreta
1719 890 1754 924 ὅ(
1783 887 1878 937 sepa·

291 957 367 984 rata
386 944 476 987 fint3
503 945 605 996 quod
629 943 664 980 sc
692 940 926 990 interposuit,
948 942 984 976 δε
999 939 1136 985 objecit
1160 938 1342 985 medium,
1372 939 1470 976 inter
1494 950 1535 975 ea
1563 951 1656 987 quae
1677 940 1880 990 perierunt,

288 1005 327 1038 ὃς
347 1013 389 1037 ea
407 1012 500 1049 quae
520 1009 656 1036 extant.
680 997 899 1044 >*Equidem
930 992 1097 1031 existimo
1119 993 1314 1043 plerosque
1343 994 1383 1030 in
1412 1004 1455 1030 ea
1481 994 1665 1042 opinione
1695 996 1788 1043 fore,
1816 1010 1881 1035 me

290 1054 436 1093 delicias
450 1067 492 1092 ac
506 1054 616 1091 ludos
630 1054 770 1092 facere;
799 1061 910 1100 atque
930 1048 1089 1086 similem
1116 1048 1192 1085 fere
1219 1046 1408 1085 licentiam
1431 1049 1472 1084 in
1491 1048 1752 1088 transferendis
1775 1051 1882 1089 fabu-

290 1109 335 1149 lis
355 1110 539 1160 usurpare,
566 1120 608 1145 ac
623 1105 687 1159 ipsi
702 1108 836 1159 po‘e'tae
850 1103 914 1142 fibi
935 1102 1157 1155 sumpserint
1179 1105 1219 1139 in
1233 1102 1442 1152 fingendiss
1487 1103 1590 1150 quod
1610 1115 1680 1153 pro
1694 1117 1784 1143 meo
1803 1107 1884 1152 jure

296 1165 381 1202 sanc
404 1164 524 1201 facere
544 1162 696 1213 possem,
718 1171 760 1198 ut
776 1157 1155 1208 contemplationibus
1170 1159 1288 1207 magis
1308 1158 1442 1204 arduiS,
1462 1157 1551 1194 haec
1572 1160 1616 1195 ad
1635 1161 1883 1211 voluptatem,

293 1219 364 1257 five
381 1216 634 1255 meditationis
654 1215 835 1267 propriae,
864 1212 934 1251 five
949 1212 1116 1250 lectionis
1131 1214 1271 1249 alienae
1290 1211 1532 1261 asperget-em.
1593 1215 1728 1265 Neque
1752 1228 1813 1253 me
1837 1217 1884 1253 la-

293 1284 350 1311 tet
371 1285 483 1321 quam
498 1270 671 1310 versatilis
695 1269 850 1308 materia
873 1267 914 1305 fit
939 1268 1074 1314 fabula,
1103 1277 1144 1303 ut
1160 1267 1233 1304 huc
1258 1267 1347 1303 illuc
1368 1265 1475 1313 trahi,
1507 1268 1589 1304 imo
1627 1271 1664 1306 &
1692 1269 1777 1307 duci
1804 1272 1886 1322 posl

294 1327 363 1369 fit3
392 1338 651 1377 quantumque
666 1325 807 1375 ingenii
831 1321 1079 1361 commoditas
1096 1324 1132 1358 ὅ(
1160 1320 1337 1358 discursus
1353 1322 1481 1367 valeat,
1510 1332 1551 1359 ut
1566 1335 1660 1370 quae
1687 1337 1885 1373 nunquam

293 1381 454 1432 cogitata
469 1380 548 1429 sint,
580 1383 677 1419 belle
696 1391 823 1417 tamen
838 1378 1096 1415 attribuantur.
1153 1375 1273 1413 Etiam
1298 1375 1360 1411 illa
1378 1375 1558 1424 cogitatio
1582 1376 1752 1416 animum
1778 1380 1886 1440 subit,

295 1437 407 1474 usum
433 1437 584 1482 hujusce
619 1437 671 1472 rei
700 1434 923 1485 jampridem
951 1429 1248 1468 contaminatum
1272 1429 1368 1466 effe:
1412 1429 1528 1468 Multi
1557 1433 1672 1478 enim,
1697 1444 1738 1471 ut
1757 1436 1886 1473 inven-

295 1493 345 1528 tis
382 1494 418 1528 δε
450 1492 596 1543 placitis
620 1489 689 1526 suis
717 1486 947 1536 antiquitatis
985 1484 1267 1522 venerationem
1294 1485 1542 1534 acquirerent,
1565 1491 1763 1535 poetarum
1784 1490 1887 1530 fabu-

294 1547 348 1585 las
372 1546 417 1582 ad
439 1558 480 1582 ea
499 1546 691 1582 traducere
711 1544 838 1581 conati
859 1541 942 1579 sunt
964 1554 972 1577 z
1009 1540 1140 1589 Atque
1162 1550 1266 1577 vetus
1296 1541 1359 1576 illa
1374 1541 1517 1578 vanitas
1539 1543 1575 1578 ὃς
1603 1541 1789 1590 frequens,
1816 1557 1890 1583 nec

295 1612 417 1652 nuper
433 1609 529 1645 nata,
557 1610 618 1636 aut
633 1611 717 1636 raro
732 1597 901 1650 usurpata
916 1593 974 1633 est.
1032 1597 1137 1633 Nam
1159 1597 1194 1631 &
1210 1596 1307 1631 olim
1321 1592 1555 1647 Chrystjvpus,
1577 1597 1795 1635 Stoicorum
1810 1599 1889 1649 opi·

295 1654 431 1692 niones
445 1651 691 1693 vetustissimis
705 1655 839 1706 po'etis,
862 1652 976 1689 veluti
993 1649 1230 1688 somniorum
1251 1649 1381 1698 aliquis
1400 1649 1591 1700 interpres,
1624 1650 1799 1690 ascribere
1833 1655 1890 1692 so-

293 1710 418 1751 lebat3
463 1712 499 1746 &
527 1712 644 1758 magis
660 1707 807 1755 insulse,
837 1704 996 1755 chymici
1020 1705 1138 1751 ludos,
1161 1708 1198 1743 &
1227 1704 1373 1742 delicias
1401 1707 1597 1756 poetarum
1619 1707 1660 1743 in
1683 1718 1889 1759 corporum

298 1764 709 1810 transformationibus,
731 1763 777 1800 ad
791 1760 951 1800 fornacis
971 1758 1223 1812 experimenta
1242 1760 1516 1797 transtulerunt.
1574 1762 1674 1798 Haec
1698 1761 1888 1815 (inquam)

300 1819 432 1856 cuneta
477 1817 587 1856 nobis
612 1817 696 1856 satis
732 1818 972 1868 &explorata
990 1818 1028 1853 &
1055 1815 1209 1864 expensa
1236 1816 1345 1856 sunt3
1387 1826 1619 1864 omnemque
1647 1817 1889 1866 ingeniorum

298 1876 396 1917 circa
411 1874 602 1923 allegorias
626 1872 813 1910 levitatem
829 1876 864 1909 ὅ(
890 1869 1161 1920 indulgentiam
1183 1868 1431 1921 perspeximus
1457 1873 1495 1907 ὄζ
1515 1869 1738 1919 notavimus,
1767 1885 1889 1922 neque

297 1938 493 1980 propterea
508 1927 671 1966 omnino
692 1928 739 1965 de
758 1928 938 1965 sententia
961 1924 1183 1964 decedimus.
1240 1927 1371 1963 Primo
1390 1924 1493 1962 enim
1507 1923 1607 1973 absit,
1625 1936 1666 1964 ut
1681 1938 1888 1978 paucorum

299 1982 461 2034 ineptiae
491 1986 527 2020 ὃ(
552 1982 711 2029 licentia,
735 1984 995 2033 parabolarum
1018 1979 1157 2018 honori
1186 1979 1225 2017 in
1260 1992 1397 2030 genere
1424 1980 1626 2018 detrahant.
1681 1983 1766 2019 Hoc
1786 1983 1890 2021 enim

298 2034 539 2087 Prophanum
558 2038 738 2087 quiddam
757 2038 863 2075 sonat
886 2038 922 2074 ὅ(
937 2033 1063 2082 audax,
1090 2047 1177 2072 cum
1194 2035 1408 2082 hujusmodi
1422 2035 1511 2072 velis
1534 2038 1569 2072 ὅ(
1593 2036 1733 2073 umbris
1756 2036 1891 2087 religio

300 2093 470 2142 gaudeat,
500 2102 541 2130 ut
556 2092 619 2145 qui
633 2105 692 2130 eas
714 2094 835 2140 tollat,
861 2090 1087 2129 commercia
1110 2089 1323 2128 divinorum
1344 2092 1381 2128 ὃ(
1395 2090 1649 2128 humanorum
1676 2091 1754 2129 fere
1781 2092 1893 2130 inter-

299 2147 410 2184 dicat.
440 2149 586 2186 Verum
599 2147 645 2185 de
659 2148 823 2185 humana
838 2145 1012 2197 sapientia
1025 2145 1221 2183 videamus.
1252 2146 1382 2183 Fateor
1392 2155 1490 2183 certe
1500 2147 1891 2195 ingenue&libenter‚

300 2214 365 2238 me
385 2203 425 2239 in
439 2202 534 2239 hanc
549 2201 771 2240 sententiam
785 2201 1030 2255 propendere,
1049 2211 1092 2237 ut
1112 2212 1190 2238 non
1212 2199 1334 2250 paucis
1355 2202 1598 2249 antiquorum
1629 2207 1825 2250 poetarum
1840 2202 1891 2240 fa-

305 2255 407 2293 bulis
427 2257 655 2305 mysterium,
679 2260 715 2295 &
734 2256 952 2306 allegoriam
971 2257 1045 2301 jam
1074 2256 1119 2292 ab
1142 2254 1288 2305 origine
1316 2255 1452 2292 subess'e
1477 2265 1634 2307 putem3
1675 2254 1745 2294 five
1767 2267 1892 2310 captus

306 2314 547 2349 veneratione
561 2312 670 2362 prisci
692 2311 841 2353 saeculi3
870 2310 940 2348 five
959 2310 1062 2362 quod
1079 2312 1118 2347 in
1138 2308 1330 2348 nonnullis
1351 2308 1482 2347 fabulis
1505 2311 1650 2359 reperio
1683 2321 1827 2348 tantam
1855 2315 1892 2349 ὅς

306 2375 383 2402 tam
404 2367 616 2404 evidentem
631 2380 719 2405 cum
734 2365 937 2416 significato
957 2364 1235 2402 similitudinem
1251 2367 1286 2402 δε
1302 2365 1625 2413 conjunffionem,
1659 2375 1741 2402 tum
1759 2369 1798 2403 in
1817 2377 1892 2404 tex—

303 2429 386 2456 tura
399 2420 472 2472 ipsa
488 2422 644 2469 fabulae,
665 2433 749 2460 tum
768 2424 808 2458 in
828 2419 1053 2472 proprietate
1075 2422 1282 2457 nominum
1308 2419 1442 2466 quibus
1473 2420 1650 2470 personae
1669 2418 1739 2458 sive
1753 2421 1895 2458 attor-es

305 2473 449 2512 fabulae
464 2475 625 2526 insigniti
641 2479 677 2514 &
697 2475 813 2515 veluti
828 2473 990 2527 inscripti
1004 2475 1221 2526 prodeunt3
1249 2484 1292 2512 ut
1307 2474 1453 2512 sensum
1468 2475 1577 2511 illum
1599 2475 1645 2512 ab
1665 2474 1776 2512 initio
1790 2487 1894 2527 prae-

308 2539 460 2579 ceptum
481 2533 515 2568 ὅ(
531 2533 738 2581 cogitatum
767 2531 882 2578 fuisse,
907 2532 943 2567 ὅ(
971 2530 1017 2566 dc
1046 2528 1218 2566 industria
1240 2530 1515 2576 adumbratum,
1543 2542 1659 2567 nemo
1684 2530 1894 2568 constanter

311 2587 512 2632 negaverit.
569 2586 661 2638 Quis
685 2585 786 2623 enim
815 2587 865 2623 ita
888 2587 1001 2623 durus
1028 2585 1088 2631 est,
1109 2587 1144 2621 δι
1164 2584 1209 2620 ad
1232 2593 1354 2634 aperta
1373 2583 1590 2631 caecutiens,
1607 2595 1647 2622 ut
1662 2596 1747 2621 cum
1773 2584 1895 2623 audiat

310 2633 482 2685 Famam,
497 2642 707 2689 gigantibus
723 2642 904 2687 extinffls,
918 2650 1095 2691 tanquam
1111 2639 1278 2676 sororem
1298 2638 1532 2689 posthumam
1560 2637 1795 2689 progenitam
1811 2640 1892 2686 effe,

311 2704 393 2728 non
413 2691 504 2729 illud
527 2695 570 2731 ad
588 2707 781 2732 murmura
795 2698 956 2744 partium
977 2697 1014 2731 ὅ(
1031 2693 1143 2731 famas
1158 2693 1353 2740 seditiosas,
1375 2705 1468 2741 quae
1483 2692 1607 2742 sopitis
1628 2694 1895 2732 rebellionibus

312 2747 358 2784 ad
374 2749 653 2798 tempusvagari
671 2749 804 2796 solent,
826 2750 958 2787 referat
974 2752 984 2785 ?
1026 2748 1108 2786 Aut
1130 2760 1217 2786 cum
1244 2750 1365 2786 audiat
1382 2744 1594 2799 Typhonem
1608 2747 1798 2797 gIgantem
1814 2761 1897 2786 ner-

311 2813 379 2838 vos
399 2798 524 2851 Jovis
552 2803 694 2840 sccuiss'e
721 2806 758 2841 ὃ(
776 2803 962 2851 abstulisse,
986 2816 1028 2841 ac
1049 2802 1286 2842 Mercurium
1314 2816 1378 2841 eos
1397 2801 1614 2840 suffuratum
1629 2803 1710 2850 effe,
1736 2805 1773 2839 ὅ(
1789 2801 1897 2854 Jovi

312 2854 528 2897 reddidiss'e3
573 2868 653 2893 non
684 2858 803 2895 statim
837 2860 999 2897 advertat
1022 2860 1095 2896 hoc
1123 2858 1170 2895 ad
1203 2859 1424 2896 rebelliones
1453 2856 1672 2906 praevalidas
1699 2861 1898 2906 pertinere,

311 2923 405 2959 quac
434 2912 581 2961 regibus
610 2924 744 2948 nervos
767 2915 803 2949 δε
833 2913 1074 2964 pecuniarum
1105 2915 1141 2950 &
1162 2912 1392 2950 authoritatis
1408 2911 1589 2958 incidunt,
1616 2910 1664 2948 ita
1685 2923 1825 2959 tamen,
1854 2924 1896 2951 ut

313 2977 378 3015 per
402 2966 619 3003 sermonum
649 2968 868 3004 comitatem
892 2970 929 3005 ὅ(
951 2967 1145 3017 prudentia
1176 2968 1304 3014 edida,
1329 2965 1444 3004 animi
1466 2965 1714 3013 subditorum,
1743 2979 1824 3004 non
1845 2969 1897 3005 ita

314 3021 439 3057 multo
458 3020 537 3071 post
560 3018 657 3069 quasi
679 3021 810 3058 furtim
829 3024 1131 3069 reconcilientur,
1156 3025 1190 3059 &
1215 3021 1308 3060 vires
1331 3022 1477 3070 regibus
1503 3018 1738 3058 restituantur
1760 3024 1771 3057 ?
1813 3021 1896 3060 Aut

312 3086 402 3111 cum
417 3076 538 3112 audiat
552 3075 588 3113 in
606 3074 667 3112 illa
681 3075 917 3115 memorabili
932 3078 1104 3115 Deorum
1126 3086 1258 3113 contra
1281 3077 1446 3125 gigantes
1477 3074 1721 3124 expeditione,
1754 3074 1896 3114 afinum

315 3126 438 3167 Sileni
457 3142 545 3169 cum
559 3130 719 3178 ruderet,
745 3129 895 3168 maximi
910 3132 1099 3169 momenti
1120 3131 1164 3169 ad
1189 3130 1443 3182 profligandos
1462 3131 1625 3180 gigantes
1646 3131 1774 3173 fuiffc‚·
1815 3143 1897 3168 non

1755 3184 1900 3235 liquido
