1973 3570
155 277 217 322 92

498 251 916 302 HISTORIA
969 248 1227 295 DENSI
1285 246 1386 292 ET
1446 244 1665 291 RARI.

289 353 331 394 fit
351 353 392 391 in
412 350 545 391 oleosis
565 354 602 389 &
621 352 834 400 pinguibus,
869 349 957 397 quia
977 346 1124 399 spiritus
1147 347 1185 383 ὅ(
1203 345 1404 382 humidum
1430 344 1598 396 ipsorum
1613 356 1695 382 non
1715 344 1800 383 sunt
1815 355 1891 382 tam

294 408 618 448 consubstantialia
632 407 718 443 aeri.

350 474 384 514 3.
418 466 652 500 §miurus
683 461 723 497 in
750 457 993 506 tangibilibus
1025 455 1160 503 (qualia
1188 455 1364 502 diximus)
1395 454 1666 503 depraedantur
1693 465 1814 504 partes
1843 457 1893 505 ip-

296 519 349 556 sas
372 513 563 554 craffiores
581 515 750 566 corporis
766 514 806 548 in
833 524 912 560 quo
932 512 1188 548 includuntur.
1246 511 1350 546 Nam
1374 508 1519 558 spiritus
1534 510 1598 557 qui
1624 510 1787 560 proximi
1811 510 1896 547 lunt

297 574 383 618 a'eri,
414 569 477 621 ipsi
501 571 575 608 aeri
598 569 794 612 obediunt,
824 569 859 604 ὃ(
880 576 1014 603 exeunt
1039 566 1139 605 cit03
1168 574 1204 602 at
1228 565 1349 612 quiin
1375 565 1492 613 magis
1512 564 1705 614 profundo
1728 567 1896 613 corporis

296 625 352 665 siti
375 626 469 672 sunt,
506 627 561 664 illi
585 634 704 675 partes
724 623 921 659 interiores
944 621 1149 665 adjacentes
1173 619 1455 670 depraedantur,
1493 621 1530 656 ὃς
1552 630 1697 656 novum
1722 619 1810 656 inde
1830 619 1897 670 spi-

299 684 415 719 ritum
440 683 598 723 manunt
622 682 658 716 ὅ(
683 677 807 714 seeum
831 677 1022 724 copulant,
1052 685 1092 712 ut
1117 686 1191 710 una
1210 673 1363 710 tandem
1389 683 1542 710 exeant:
1580 673 1679 710 unde
1700 672 1741 709 fit
1761 674 1801 710 in
1826 675 1899 711 istis

301 721 522 786 corporibus
542 746 607 784 per
632 742 790 769 aetatem
811 733 847 767 ὃ(
872 742 1020 766 moram
1041 730 1248 765 diminutio
1264 728 1461 778 ponderis;
1490 727 1593 776 quod
1616 727 1695 764 fieri
1717 740 1799 765 non
1819 728 1900 777 pos-

304 789 369 836 set,
409 787 475 826 nisi
505 801 585 839 pars
615 789 737 834 aliqua
766 797 847 821 non
876 785 1111 832 pneumatica
1142 784 1182 818 in
1211 783 1493 833 pneumaticum
1525 780 1655 819 sensim
1682 792 1899 820 verteretur.

304 847 408 881 Nam
436 844 581 892 ipit-itus
613 842 687 887 jam
707 840 822 875 facilus
853 840 892 874 in
919 849 1078 889 corpore
1106 848 1187 873 non
1217 836 1413 887 ponderat,
1445 836 1506 874 sed
1538 839 1633 875 levat
1662 837 1810 885 pondus
1837 849 1903 886 po-

301 901 384 935 tius.
1542 925 1546 929 .

353 962 391 1000 4.
424 952 595 987 MULTI
616 958 785 984 tumores
807 948 844 982 in
862 945 1081 995 corporibus
1105 945 1325 982 animalium
1345 943 1595 982 discutiuntur
1616 947 1751 995 absque
1772 945 1901 995 suppu-

300 1008 445 1043 ratione
462 1014 522 1042 aut
538 1003 648 1049 sanie,
658 1013 722 1053 per
734 999 944 1039 insensilem
955 999 1294 1049 transpirationem,
1305 996 1394 1036 versi
1405 1001 1513 1049 plane
1524 1002 1564 1037 in
1576 1001 1856 1049 pneumaticum
1867 1005 1903 1039 &

303 1064 503 1098 evolantes.

363 1126 396 1164 5.
428 1115 481 1150 Es
491 1122 649 1150 CULEN
659 1123 682 1147 T
693 1122 718 1147 A
730 1109 883 1147 fiatuofa
896 1109 1055 1158 gignunt
1068 1106 1312 1155 ventositates,
1330 1107 1442 1145 succis
1458 1108 1527 1146 suis
1540 1108 1646 1147 versis
1656 1112 1695 1146 in
1708 1110 1849 1158 flatum,
1867 1115 1903 1150 δε

306 1178 441 1207 exeunt
462 1180 525 1216 per
545 1167 667 1203 ruerus
689 1168 724 1202 ὃς
748 1166 926 1213 crepitus;
956 1165 1069 1200 etiam
1089 1173 1209 1214 partes
1230 1165 1395 1200 internas
1416 1165 1620 1201 extendunt
1645 1168 1680 1202 δ(
1700 1176 1902 1214 torquent:

293 1223 422 1275 ‘Qiod
450 1223 591 1259 faciunt
617 1222 729 1257 etiam
751 1221 927 1256 alimenta
951 1218 1068 1267 proba
1088 1221 1124 1255 ἅ
1147 1219 1304 1265 laudata,
1342 1219 1568 1267 quandoque
1597 1219 1648 1256 ob
1672 1220 1904 1258 debilitatem

310 1279 560 1316 fune‘lionum.

367 1333 402 1369 6.
434 1333 484 1368 IN
515 1332 622 1367 omni
649 1331 881 1374 alimentato,
919 1340 1004 1364 cum
1031 1340 1112 1378 pars
1133 1328 1346 1365 alimentata
1369 1329 1520 1367 tenuior
1541 1327 1587 1365 est
1613 1329 1809 1376 alimento,
1848 1330 1907 1378 (ut

310 1386 457 1436 spiritus
477 1396 587 1433 atque
608 1384 752 1433 sanguis
774 1395 838 1432 per
854 1384 1001 1419 arterias
1022 1383 1060 1418 in
1085 1383 1306 1419 animalibus
1327 1384 1484 1419 leviores
1508 1382 1592 1419 sunt
1615 1395 1728 1431 quam
1748 1385 1850 1422 cibus
1871 1387 1908 1422 ὃς

309 1441 432 1491 potus)
453 1439 590 1476 necesse
607 1440 653 1475 est
675 1449 713 1475 ut
730 1439 965 1474 alimentatio
988 1437 1138 1472 inducat
1154 1438 1426 1473 dilatationem.

367 1505 401 1543 7.
434 1496 657 1531 OMNIUM
682 1502 948 1542 aperturarum,
979 1492 1245 1527 dilatationum
1271 1494 1307 1528 ὅ(
1328 1489 1592 1540 expansionum
1619 1493 1790 1539 maxima,
1823 1506 1908 1542 qua-

313 1560 421 1587 tenus
442 1549 485 1585 ad
501 1549 710 1597 analogiam
732 1548 830 1583 inter
851 1558 984 1594 corpus
1006 1556 1090 1581 ante
1106 1546 1367 1582 dilatationem
1389 1549 1423 1583 ὃ(
1439 1546 1528 1595 post,
1559 1548 1811 1595 omniumque
1830 1561 1909 1598 per-

312 1600 510 1649 nicissima,
539 1605 574 1639 ὅ(
595 1614 687 1650 quae
711 1603 869 1637 minima
890 1613 996 1636 mora
1018 1602 1053 1636 ὃ(
1077 1597 1294 1637 breviflimo
1314 1601 1394 1638 auu
1417 1598 1639 1650 transigitur,
1671 1602 1719 1638 cst
1738 1603 1911 1641 dilatatio

313 1657 531 1695 oleosorum
558 1659 593 1694 &
617 1655 945 1694 inflammabilium
970 1655 1010 1692 in
1038 1654 1252 1696 flammam3
1289 1656 1392 1704 quod
1418 1655 1458 1692 fit
1482 1653 1580 1703 quasi
1602 1654 1744 1692 affatim
1774 1659 1810 1694 ὅ(
1834 1656 1910 1695 sine

312 1712 496 1762 gradibus.
553 1711 686 1760 Estque
716 1710 852 1758 (quoad
883 1710 1074 1746 flammam
1097 1707 1343 1759 succeffivam)
1361 1711 1468 1758 plane
1498 1722 1539 1746 ex
1560 1722 1698 1759 genere
1725 1708 1910 1750 affimula-

311 1758 490 1806 'tionum3
520 1766 793 1817 multiplicante
814 1764 848 1801 se
869 1764 1019 1801 flamma
1036 1764 1140 1813 super
1160 1764 1337 1801 fomitem
1358 1764 1476 1801 suum.

368 1821 403 1859 8.
435 1820 470 1857 A
482 1832 505 1856 T
528 1820 629 1870 quod
649 1816 950 1869 potentiffimum
968 1821 1007 1856 in
1027 1819 1100 1856 hoc
1115 1831 1251 1868 genere
1267 1820 1326 1866 est,
1355 1832 1437 1856 non
1458 1819 1501 1856 ad
1517 1820 1754 1857 velocitatem
1770 1822 1912 1870 primae

314 1875 639 1921 inflammationis,
661 1874 763 1921 (nam
777 1875 896 1923 pulvis
912 1875 1036 1923 pyrius
1051 1885 1130 1910 non
1146 1883 1223 1910 tam
1239 1876 1316 1911 cito
1331 1874 1597 1920 inflammatur,
1618 1886 1730 1922 quam
1746 1875 1910 1925 sulphur,

315 1941 377 1966 aut
393 1929 562 1980 caphura,
592 1938 652 1966 aut
668 1928 856 1978 naphtha,)
887 1928 944 1965 sed
963 1929 1007 1965 ad
1029 1925 1307 1966 successionem.
1365 1930 1550 1966 Flammae
1567 1928 1680 1965 semel
1695 1941 1913 1981 conceptae,

316 1987 354 2021 ὅ(
369 1984 413 2020 ad
430 1983 677 2034 superandum
692 1995 733 2020 ea
748 1995 840 2032 quae
865 1981 1039 2029 resistunt,
1068 1983 1116 2020 cst
1139 1985 1352 2021 commistio
1368 1985 1431 2021 illa
1450 1981 1716 2032 expansionum
1731 1986 1771 2022 in
1787 1988 1912 2023 a’e‘rem

320 2036 426 2075 simul
458 2040 494 2074 ὅ(
519 2040 558 2074 in
579 2037 782 2085 flammam,
822 2038 881 2084 (de
909 2050 980 2085 qua
1002 2038 1106 2087 supra
1136 2038 1326 2089 diximus,)
1366 2051 1459 2087 quae
1485 2039 1674 2077 invenitur
1693 2040 1735 2076 in
1761 2041 1913 2089 pulvere

318 2094 440 2144 pyrio,
473 2092 527 2138 (ut
542 2093 659 2141 liquet
675 2093 715 2129 in
736 2092 950 2129 bombardis
971 2095 1007 2129 δε
1028 2094 1235 2141 cuniculis.)

368 2158 406 2194 9.
437 2148 648 2184 NOTANT
665 2157 788 2184 autem
804 2147 1012 2195 ehymistae,
1043 2148 1157 2183 etiam
1173 2149 1315 2196 argenti
1335 2149 1407 2186 vivi
1424 2146 1684 2200 expansionem
1702 2159 1768 2198 pet
1784 2149 1913 2197 ignem

318 2201 387 2239 effe
407 2201 613 2238 admodum
634 2202 863 2242 violentam3
892 2203 982 2250 quin
1009 2204 1044 2238 ἃ
1060 2214 1190 2238 aurum
1214 2213 1385 2240 vexatum
1406 2206 1443 2240 ὅ(
1457 2203 1659 2248 occlusum,
1688 2205 1914 2253 quandoque

320 2265 495 2307 potenter
517 2266 722 2304 erumpere,
752 2268 838 2292 cum
854 2257 1022 2304 periculo
1038 2258 1286 2305 operantium.

375 2309 578 2347 Connexio.
588 2311 622 2346 T
631 2322 657 2346 R
669 2322 693 2346 A
702 2321 731 2346 N
740 2321 756 2346 s
766 2322 787 2346 E
798 2322 861 2347 UN
871 2322 896 2348 D
906 2322 933 2346 U
942 2322 975 2346 M
988 2311 1031 2346 ad
1048 2323 1104 2347 eas
1116 2311 1352 2348 dilatationes
1363 2313 1420 2350 vel
1433 2311 1683 2349 distractiones
1695 2314 1731 2350 ὅ(
1743 2311 1915 2351 divulsio—

324 2376 402 2409 nes,
422 2375 514 2411 quae
527 2363 632 2410 fiunt,
646 2376 724 2400 non
746 2365 790 2401 ab
805 2366 969 2417 appetitu
980 2366 1106 2413 aliquo
1117 2367 1155 2401 in
1167 2378 1325 2415 corpore
1346 2366 1426 2415 ipso
1440 2366 1543 2414 quod
1563 2367 1750 2414 dilatatur,
1780 2367 1839 2405 sed
1850 2380 1915 2417 per

323 2419 544 2454 violentiam
560 2429 764 2466 corporum
782 2430 1036 2465 externorum,
1066 2432 1170 2468 quac,
1200 2431 1286 2457 cum
1302 2421 1372 2457 suis
1401 2421 1566 2457 motibus
1581 2423 1824 2470 praevaleant,
1852 2436 1916 2460 ne-

323 2468 527 2508 cess'ltatem
548 2473 750 2520 imponunt
774 2475 923 2522 corpori
948 2475 1069 2520 alicui,
1099 2485 1139 2511 ut
1165 2474 1337 2511 dilatetur
1361 2477 1398 2511 δε
1423 2476 1648 2513 distrahatur.
1704 2476 1833 2525 Atque
1853 2478 1916 2515 ista

328 2523 517 2573 inquisitio
535 2527 695 2576 pertinet
719 2526 763 2563 ad
788 2528 942 2564 titulum
957 2529 1003 2565 de
1026 2538 1138 2566 motu
1152 2529 1352 2570 libertati53
1382 2529 1442 2566 scd
1460 2531 1514 2577 (ut
1537 2532 1577 2567 in
1594 2532 1757 2579 reliquis)
1775 2532 1916 2580 aliquid
1971 2556 1973 2559 -

326 2581 371 2617 dc
384 2580 469 2625 hoc,
491 2579 550 2617 sed
565 2592 671 2629 parce
686 2583 722 2617 δε
735 2584 869 2630 paucis,
891 2583 963 2625 jam
979 2584 1219 2631 inquiremus
1275 2584 1340 2620 Iste
1355 2595 1479 2621 autem
1495 2596 1621 2622 motus
1636 2586 1683 2622 est
1697 2587 1919 2635 plerumque

327 2635 509 2684 geminus.
567 2636 708 2681 Primo,
737 2646 864 2672 motus
888 2636 1130 2674 disti-aelionis
1150 2650 1169 2675 a
1193 2639 1229 2675 vi
1245 2648 1414 2679 externa3
1445 2640 1580 2677 deinde
1602 2652 1730 2677 motus
1752 2651 1918 2679 contrac-

330 2690 445 2726 tionis
460 2689 518 2725 vel
536 2689 774 2726 restitutionis
798 2703 817 2727 a
832 2700 941 2727 motu
957 2694 1124 2741 corporis
1144 2694 1319 2742 proprio:
1349 2695 1413 2742 qui
1433 2695 1613 2745 posterior
1627 2705 1756 2732 motus
1770 2696 1857 2733 iicet
1873 2696 1918 2733 ad

328 2741 661 2780 condensationem
685 2744 831 2795 speetet‚
860 2755 986 2782 tamen
1010 2748 1060 2784 ita
1077 2748 1299 2793 conjunctus
1322 2749 1370 2785 est
1390 2761 1477 2786 cum
1495 2751 1634 2799 pri-ore,
1665 2760 1706 2787 ut
1731 2749 1793 2787 hie
1814 2762 1918 2788 com-

326 2798 474 2835 modius
488 2797 632 2834 trastari
652 2798 793 2836 debeat.

578 2875 950 2929 §Dilatationesfive
964 2877 1228 2930 distrafft'iones
1242 2895 1266 2920 a
1281 2881 1473 2922 violentia
1487 2889 1660 2921 externa.

384 2962 416 2988 1.
446 2950 641 2989 BACULA
666 2952 788 3002 lignea
816 2955 853 2990 ὅ(
878 2951 1008 2990 similia
1039 2954 1240 2993 flexionem
1269 2958 1495 2995 nonnullam
1522 2957 1727 3007 patiuntur,
1764 2957 1825 2998 sed
1853 2972 1920 3011 pet

328 3006 427 3047 vim3
456 3006 518 3043 illa
542 3017 666 3045 autem
681 3007 736 3044 vis
758 3006 919 3047 distrahit
935 3018 1053 3059 partes
1073 3012 1273 3050 exteriores
1293 3013 1387 3062 ligni
1415 3013 1456 3051 in
1476 3013 1566 3052 loco
1582 3012 1646 3052 ubi
1671 3023 1852 3062 arcuatur,
1881 3017 1919 3052 &

1698 3070 1923 3121 comprimit

1902 3234 1922 3267 7
