1973 3570
129 155 224 220 256

332 150 434 197 DE
485 140 1325 196 INTERPRETATIONE
1378 140 1800 192 NATURAE.

279 246 478 287 conversus
507 247 552 283 ad
586 257 710 297 opera,
740 257 834 294 quae
858 245 1028 282 fecerunt
1057 255 1188 280 manus
1218 242 1312 289 suae,
1341 243 1434 280 vidit
1466 245 1568 291 quod
1599 248 1730 283 omnia
1763 247 1875 284 ess'cut

274 304 628 342 vanitas&vexatio
651 300 808 352 spiritus.
865 302 992 348 Itaque
1016 297 1042 335 si
1065 300 1104 335 in
1129 296 1300 349 operibus
1329 298 1402 333 tuis
1431 297 1653 346 sudabimus,
1682 301 1791 338 facies
1807 314 1877 338 nos

274 358 535 409 gratulationis
567 367 651 394 tuae
686 356 722 391 δί
755 354 893 392 sabbati
927 356 983 391 tui
1019 351 1225 403 participes,
1282 353 1474 400 Supplices
1511 366 1686 403 rogamus
1720 366 1760 392 ut
1789 356 1881 394 hacc

276 425 384 450 mens
403 413 513 449 nobis
533 411 700 451 constet3
731 422 841 458 atque
862 420 902 447 ut
923 421 987 459 per
1008 419 1141 445 manus
1164 405 1314 453 nostras,
1344 406 1486 444 familia
1506 408 1667 446 bumana
1683 413 1791 447 novis
1808 411 1879 447 cic-

274 467 466 517 emosynis
487 468 560 504 tuis
580 467 744 504 dotetur.
800 466 901 502 Haec
916 474 1070 501 aeterno
1085 463 1206 499 amori
1226 471 1295 499 tuo
1314 463 1639 510 commendamus,
1673 464 1878 518 perJesum

276 521 456 569 nostrum,
488 521 679 558 Christum
699 531 821 567 tunm,
850 518 1047 557 nobiscum
1063 519 1201 555 Deum.

422 689 519 744 De
547 685 985 766 interpretatione
1014 696 1249 738 naturae
1260 682 1566 756 fintentiae
1597 683 1733 739 ΧΠ.

820 821 894 860 ‘De
916 818 1132 859 conditione
1159 816 1337 857 hominis.

280 937 307 973 I.
454 934 592 971 OMO
630 942 782 969 naturae
815 931 980 968 minister
1009 934 1045 968 δε
1074 933 1253 979 interpres
1284 939 1432 966 tantum
1463 930 1549 967 facit
1583 942 1646 968 aut
1682 933 1880 981 intelligit„

480 997 662 1037 quantum
682 988 728 1024 de
750 997 902 1024 naturae
927 987 1061 1024 ordine
1086 999 1125 1022 re
1146 985 1205 1022 vel
1227 994 1356 1021 mente
1380 984 1600 1033 observabit,
1631 987 1705 1036 ipse
1729 989 1882 1025 interim

281 1056 437 1083 naturae
466 1044 608 1093 legibus
634 1041 803 1079 obsessus.
1000 1039 1006 1046 '

334 1102 378 1138 II.
409 1101 675 1136 TERMINUS
702 1099 827 1145 itaque
853 1096 1037 1134 humanae
1053 1096 1245 1147 potentiae
1264 1106 1306 1131 ac
1327 1093 1500 1131 scientiae
1521 1097 1561 1132 in
1582 1095 1733 1135 dotibus
1753 1100 1888 1147 quibus

284 1155 362 1205 ipse
388 1154 573 1204 praeditus
595 1151 644 1189 est
671 1164 691 1189 a
719 1162 849 1189 natura
877 1152 923 1188 ad
946 1151 1180 1189 movendum
1210 1152 1246 1186 ὃ(
1276 1148 1558 1199 percipiendum
1590 1161 1673 1187 tum
1703 1155 1816 1191 etiam
1845 1157 1887 1192 in

284 1210 377 1248 statu
399 1220 525 1246 rerum
545 1207 806 1258 praesentium.
863 1207 979 1246 Ultra
1002 1208 1107 1243 enim
1127 1205 1192 1242 has
1219 1204 1318 1241 bases
1336 1203 1399 1241 illa
1424 1203 1667 1243 instrumenta
1691 1221 1774 1246 non
1799 1222 1885 1261 pro-

283 1267 427 1304 ficiunt.

340 1322 399 1358 III.
430 1321 590 1357 Dorias
618 1318 684 1355 hae
699 1329 764 1367 per
780 1317 815 1354 se
831 1327 962 1354 tenues
982 1319 1018 1354 ὃ(
1039 1318 1198 1367 ineptae,
1229 1316 1299 1351 rite
1313 1325 1442 1351 tamen
1458 1316 1493 1351 ὅ(
1509 1315 1644 1352 ordine
1659 1317 1701 1353 ad
1709 1318 1887 1356 ministra-

286 1386 346 1413 tae
368 1385 515 1412 tantum
530 1372 691 1425 poss'unt,
719 1382 761 1409 ut
781 1384 838 1409 res
853 1385 873 1408 a
889 1371 993 1409 sensu
1010 1374 1047 1408 ὅ(
1062 1372 1146 1407 ειθω.
1163 1365 1428 1406 remotissimas
1444 1370 1585 1413 judicio
1607 1373 1642 1407 ὅ(
1661 1372 1741 1409 usui
1757 1385 1886 1410 coram

287 1429 419 1477 fistant,
448 1430 707 1476 maioremque
730 1429 766 1464 ὅ(
790 1430 946 1476 operum
970 1422 1231 1463 difficultatem
1255 1425 1291 1460 &
1317 1421 1489 1460 scientiae
1505 1424 1772 1464 obscuritatem
1788 1428 1889 1481 supe-

288 1495 386 1531 rent,
416 1496 529 1533 quam
545 1484 626 1531 quis
641 1483 760 1518 adhuc
775 1491 904 1530 optare
921 1481 1107 1518 didicerit.

341 1541 406 1578 IV.
439 1540 555 1578 UNA
576 1538 718 1582 veritas,
749 1548 822 1572 una
837 1536 1117 1586 interpretatio:
1151 1533 1273 1571 sensus
1293 1543 1419 1570 autem
1435 1534 1621 1584 obliquus,
1643 1538 1788 1574 animus
1803 1540 1887 1576 alic-

289 1608 370 1641 nus,
400 1594 727 1684 resfliimportunm
763 1591 885 1643 ipsum
912 1601 1041 1628 tamen
1070 1587 1388 1640 interpretationis
1420 1601 1515 1642 opus
1547 1592 1665 1639 magis
1697 1592 1888 1630 declinans

288 1661 402 1700 quam
426 1649 464 1685 di
510 1648 591 1684 cile.

698 1739 771 1779 ‘De
798 1739 1082 1792 impedimentis
1113 1738 1461 1791 interpretationis.

346 1817 394 1854 V.
424 1818 669 1868 QUISQUIS
703 1814 946 1852 dubitationis
962 1816 1097 1862 impos,
1127 1810 1355 1849 &afferendi
1376 1811 1501 1848 avidus
1523 1812 1704 1861 principia
1732 1813 1888 1853 demum

292 1870 421 1909 statuet
448 1871 602 1922 probata
628 1869 681 1916 (ut
705 1869 837 1917 credit)
868 1868 1034 1906 conceffa
1050 1870 1085 1905 &
1101 1865 1302 1913 manifesta,
1331 1865 1377 1902 ad
1407 1878 1571 1914 quorum
1599 1868 1802 1906 immotam
1829 1883 1887 1910 ve-

293 1928 442 1970 ritatem
458 1936 602 1962 caetera
616 1935 657 1962 ut
677 1923 880 1974 pugnantia
892 1925 951 1962 vel
966 1922 1258 1960 obsecundantia
1273 1922 1426 1972 recipiet
1441 1922 1499 1958 vel
1515 1922 1667 1969 rejiciet,
1689 1924 1718 1960 is
1734 1936 1790 1960 res
1805 1937 1892 1964 cum

295 1982 417 2018 verbis
440 1983 627 2017 rationem
651 1992 738 2017 cum
767 1979 919 2026 insania,
948 1978 1135 2016 mundum
1156 1988 1244 2014 cum
1267 1976 1391 2013 fabula
1419 1978 1682 2025 commutabit,
1711 1980 1891 2031 interpre-

294 2045 363 2072 tari
392 2048 473 2072 non
497 2045 643 2084 poterit.

347 2091 413 2129 VI.
443 2091 540 2140 QUI
566 2101 723 2127 omnem
746 2101 872 2127 rerum
895 2088 1185 2133 distinffionem,
1215 2087 1363 2134 quaein
1380 2084 1588 2123 constitutis
1615 2088 1730 2137 vulgo
1759 2087 1892 2138 specic-

293 2145 373 2191 bus,
403 2146 460 2182 vel
477 2146 589 2182 etiam
605 2143 734 2181 inditis
749 2144 967 2181 nominibus
983 2142 1169 2188 clucescit,
1198 2154 1280 2178 non
1306 2140 1507 2187 miscuerit,
1535 2142 1761 2190 confuderit,
1791 2147 1827 2181 <St
1851 2146 1900 2185 in.

293 2200 442 2236 mass'am
468 2200 664 2248 redegerit,
694 2212 774 2236 non
791 2200 975 2236 unitatem
991 2208 1153 2244 naturae,
1183 2208 1265 2233 non
1289 2196 1475 2245 legitimas
1501 2207 1626 2233 rerum
1655 2198 1770 2235 lineas
1794 2199 1892 2238 vide-

295 2255 361 2301 bit,
392 2266 471 2291 non
487 2256 722 2303 interpretati
743 2255 893 2303 poterit.

347 2312 428 2347 VII.
460 2311 557 2361 QUI
582 2311 748 2358 primum
773 2311 811 2345 ὃ(
833 2318 918 2345 ante
941 2309 1012 2344 alia
1040 2308 1172 2344 omnia
1197 2308 1315 2343 animi
1331 2316 1457 2342 motus
1473 2304 1627 2342 humani
1649 2309 1797 2358 penitus
1812 2320 1893 2347 non

296 2366 507 2413 explorat-it,
538 2364 664 2412 ibique
687 2364 860 2400 scientiae
883 2374 1028 2400 meatus
1052 2365 1088 2399 &
1111 2373 1283 2398 errorum
1299 2361 1400 2398 sedes
1414 2357 1680 2398 accuratissime
1700 2361 1896 2414 descriptas

297 2431 375 2455 non
393 2420 573 2465 babuerit,
603 2421 632 2455 is
648 2420 778 2455 omnia
795 2419 928 2456 larvata
944 2421 980 2455 ὅ(
995 2418 1111 2455 veluti
1125 2418 1312 2453 incantata
1327 2416 1497 2464 reperiet,
1519 2415 1702 2454 fascinum
1723 2419 1763 2454 ni
1779 2420 1894 2457 solve-

297 2474 357 2518 rit,
387 2475 618 2525 interpretari
634 2486 714 2510 non
730 2475 883 2522 poterit.
1030 2508 1032 2512 ,

348 2529 446 2564 VIII.
478 2531 574 2581 QUI
600 2531 638 2565 in
664 2541 791 2565 rerum
820 2529 1018 2566 obviarum
1040 2528 1077 2564 ὃς
1091 2523 1382 2575 compositarum
1398 2523 1509 2563 causis
1525 2527 1760 2574 exquirendis
1775 2528 1892 2566 veluti

296 2582 481 2628 flammae,
510 2584 661 2630 somnii,
690 2583 814 2629 febris,
842 2582 1057 2629 versabitur,
1086 2593 1157 2618 nec
1173 2581 1207 2618 se
1222 2581 1268 2617 ad
1283 2591 1431 2617 naturas
1446 2578 1626 2629 fimplices
1640 2581 1821 2629 conferet,
1849 2584 1898 2621 ad

297 2635 375 2673 istas
398 2638 535 2688 ptimo,
566 2650 659 2686 qnae
683 2638 854 2689 populari
883 2638 1028 2674 ratione
1061 2637 1151 2673 tales
1180 2635 1289 2676 sunt3
1317 2635 1455 2672 deinde
1484 2637 1600 2673 etiam
1625 2636 1670 2672 ad
1699 2648 1769 2682 eas,
1799 2649 1894 2685 quae

297 2701 375 2728 arte
401 2693 446 2728 ad
471 2694 657 2729 veriorem
680 2691 954 2742 simplicitatem
970 2692 1140 2729 redufitae
1156 2691 1239 2728 sunt
1255 2693 1291 2727 &
1307 2691 1423 2728 veluti
1445 2689 1672 2737 sublimatae,
1702 2692 1731 2726 is
1746 2690 1896 2730 fortasse

301 2745 322 2782 Ii
344 2757 484 2782 caetera
513 2759 593 2782 non
622 2758 759 2796 peccat,
789 2747 899 2784 addet
928 2748 1089 2785 inventis
1116 2747 1296 2795 quaedam
1322 2757 1401 2781 non
1427 2744 1642 2797 spernenda,
1671 2747 1708 2782 ὅ(
1730 2747 1894 2785 inventis

296 2803 477 2850 proxima.
537 2801 606 2837 Sed
624 2803 676 2837 nil
693 2812 824 2839 eontra
839 2802 998 2848 majores
1012 2813 1138 2839 rerum
1153 2800 1417 2838 saecularitates
1431 2799 1611 2845 movebit,
1627 2811 1698 2836 nec
1712 2801 1895 2851 interpres

297 2856 477 2893 dicendus
501 2856 581 2891 erit.

827 2918 901 2958 De
925 2917 1089 2958 moribus
1117 2920 1355 2972 interpretis.

352 2993 413 3027 IX.
443 2992 516 3040 Qu
529 3002 542 3027 1
571 2990 616 3027 ad
637 2992 960 3043 interpretandum
976 2994 1171 3041 accesserit,
1201 2996 1251 3032 ita
1266 2993 1302 3030 se
1322 3000 1512 3040 comparet
1536 2993 1573 3028 ὅ(
1594 3003 1821 3042 componam
1851 2992 1894 3030 fit

301 3057 369 3084 nec
384 3047 571 3095 novitatis,
599 3057 668 3084 nec
682 3046 974 3096 consuetudinis,
1003 3050 1061 3086 vel
1076 3050 1307 3099 antiquitatis
1330 3046 1494 3091 sestator²
1524 3058 1593 3084 nce
1614 3048 1896 3086 contradicendi

421 3111 437 3137 1
1784 3103 1895 3141 ficen-
