1973 3570
195 266 700 315 NATURALEM
736 267 833 315 ET
868 268 1633 321 EXPERIMENTALEM.

95 374 255 413 aetheris
271 375 308 410 ὃ(
327 370 558 410 coelestium.
618 370 803 417 Secunda,
833 380 1113 418 meteororum,
1145 374 1182 409 &
1209 374 1415 422 regionum
1438 374 1543 422 (quas
1563 380 1716 428 vocant)

95 433 212 471 aeris3
255 429 442 466 tractuum
471 426 648 464 videlicet
677 438 698 462 a
726 426 816 463 luna
844 425 960 475 usque
989 427 1036 464 ad
1066 426 1300 477 superficiem
1329 439 1471 470 terrae3
1512 432 1573 467 cui
1603 434 1720 471 etiam

95 488 190 536 parti
206 494 374 522 cometas
389 481 642 530 cujuscunque
655 483 817 531 generiS,
846 492 931 519 tum
947 482 1199 530 sublimiores,
1228 494 1313 521 tum
1328 483 1554 524 humiliores
1572 488 1720 535 (uteun—

92 554 167 591 que
185 540 220 578 se
233 541 367 577 habeat
383 539 437 575 rei
457 538 605 586 veritas)
624 537 772 574 ordinis
793 536 899 575 causa
914 534 1153 588 affignamus.
1209 541 1353 587 Tertia,
1382 551 1505 579 terrae
1534 545 1572 580 ὅ(
1592 545 1717 581 maris.

93 599 249 649 Quarta,
289 596 572 632 elementorum
598 593 706 641 (quae
734 594 886 641 vocant)
912 593 1088 631 flammae
1116 592 1189 633 five
1218 596 1329 644 ignis,
1367 598 1473 644 aeris,
1512 610 1641 647 aquae,
1681 602 1719 637 δε

89 663 225 690 tetrae.
282 652 483 687 Elementa
503 659 631 685 autem
646 661 695 685 eo
719 647 826 686 sensu
841 650 958 698 accipi
983 651 1172 697 volumus,
1203 661 1244 688 ut
1269 652 1533 701 intelligantur
1548 667 1630 692 non
1646 667 1719 704 pro

89 707 316 758 primordiis
331 717 471 750 rerum,
498 703 559 740 sed
575 716 645 753 pro
660 716 870 753 corporum
884 707 1115 743 naturalium
1130 703 1255 743 mallis
1271 708 1490 753 majoribus.
1546 710 1599 747 Ita
1615 713 1721 748 enim

94 773 227 801 natura
251 773 378 799 rerum
401 760 644 806 distribuitur,
674 770 715 797 ut
739 758 781 797 fit
806 762 1048 808 quorundam
1072 773 1280 811 corporum
1304 765 1493 812 quantitas
1515 764 1587 803 five
1610 767 1721 804 maffa

88 820 134 856 in
159 816 335 855 universo
351 826 532 866 perquam
556 827 715 864 magna3
746 817 832 864 quia
856 816 996 853 scilieet
1012 818 1057 855 ad
1079 817 1385 857 schemarismum
1401 832 1538 858 eorum
1563 825 1718 871 requiri-

91 885 155 912 tur
178 884 324 911 textura
341 872 519 908 materiae
543 870 661 907 facilis
677 874 714 909 ὅ(
737 872 869 912 obvia3
900 873 1023 920 qualia
1042 872 1127 910 sunt
1151 886 1193 911 ea
1213 885 1376 922 quatuor
1403 876 1511 925 (quae
1536 877 1717 924 diximus)

92 942 275 979 corpora:
314 939 349 965 at
373 926 617 976 quorundam
640 927 804 964 aliorum
829 939 1037 977 corporum
1057 927 1099 965 fit
1124 931 1312 977 quantitas
1332 933 1372 968 in
1397 932 1574 970 universo
1594 945 1717 983 parva,

91 989 131 1022 ὃ(
149 997 257 1035 parce
281 983 523 1033 suppeditata,
553 992 708 1031 propter
736 992 923 1019 texturam
947 985 1125 1020 materiae
1150 985 1256 1021 valde
1284 983 1548 1024 diffimilarem
1573 991 1611 1026 δε
1635 989 1715 1027 sub·

92 1042 216 1087 tilem,
246 1042 284 1077 &
312 1042 351 1076 in
375 1039 549 1088 plurimis
572 1037 878 1084 determinatam,
908 1040 946 1075 &
965 1040 1206 1087 organicam3
1244 1043 1368 1088 qualia
1393 1042 1477 1079 sunt
1499 1042 1636 1092 species
1662 1058 1714 1082 re-

95 1108 181 1134 rum
210 1095 450 1139 naturalium,
495 1093 659 1138 metalla,
696 1093 858 1142 plantae,
897 1095 1085 1132 animalia.
1143 1096 1270 1148 Qiare
1300 1098 1404 1146 prius
1432 1110 1551 1146 genus
1580 1112 1714 1150 eorpo-

93 1163 192 1198 rum,
231 1150 393 1199 collegia
422 1149 585 1190 maiora3
624 1148 816 1197 posteriuS,
853 1150 1013 1198 collegia
1042 1151 1195 1187 minora
1223 1152 1409 1200 appellare
1438 1153 1715 1195 consuevimus.

91 1207 148 1244 At
171 1207 427 1256 collegiorum
450 1204 607 1240 istorum
623 1204 814 1249 majorum
830 1204 879 1240 est
901 1216 982 1254 pars
998 1205 1171 1243 historiae
1195 1217 1338 1254 quarta,
1368 1207 1434 1245 sub
1458 1211 1620 1247 nomine
1644 1213 1717 1249 ele-

91 1272 328 1308 mentorum,
359 1270 402 1298 ut
424 1259 598 1296 diximus.
656 1261 794 1308 Neque
817 1272 910 1296 vero
925 1261 1176 1298 confunditur
1199 1274 1282 1311 pars
1297 1274 1429 1311 quarta
1452 1276 1540 1302 cum
1557 1264 1718 1305 secunda

91 1328 157 1356 aut
178 1319 302 1363 tertia,
331 1318 372 1353 in
388 1315 462 1353 hoc
481 1315 586 1364 quod
611 1315 651 1351 in
675 1313 828 1364 fingulis
849 1318 1094 1353 mentionem
1118 1319 1224 1363 aeris,
1255 1330 1383 1366 aquae,
1408 1330 1530 1357 terrae
1544 1321 1716 1361 fecimus.

92 1376 137 1412 In
154 1373 314 1410 secunda
337 1372 443 1409 enim
459 1373 495 1408 ὃς
511 1371 623 1407 tertia
646 1372 824 1420 recipitur
839 1369 994 1409 historia
1018 1384 1168 1419 eorum,
1198 1383 1381 1422 tanquam
1399 1376 1535 1413 mundi
1550 1380 1718 1426 partium

91 1430 350 1478 integralium,
380 1429 417 1464 &
440 1436 623 1475 quatenus
639 1428 831 1475 pertinent
852 1427 897 1463 ad
913 1427 1094 1465 fabricam
1119 1431 1156 1466 ὅ(
1171 1429 1518 1478 configurationem
1534 1433 1717 1476 univerfi;

92 1495 130 1524 at
154 1486 194 1521 in
218 1493 348 1532 quarta
364 1484 584 1519 continetur
600 1479 754 1518 historia
770 1481 989 1520 substantiae
1014 1486 1051 1520 ὃς
1075 1495 1230 1521 naturae
1251 1485 1433 1534 ipsorum,
1464 1500 1560 1536 quae
1584 1490 1627 1526 in
1649 1488 1718 1528 fin-

92 1541 190 1591 gulis
215 1551 351 1577 eorum
376 1538 542 1587 partibus
566 1535 788 1574 fimilaribus
803 1539 917 1587 viget,
947 1551 1017 1576 nec
1042 1540 1087 1576 ad
1103 1550 1232 1577 totum
1257 1541 1428 1579 refertur.
1485 1545 1632 1597 Qinta
1655 1545 1718 1584 de-

90 1598 209 1645 nique
227 1607 310 1645 pars
333 1594 505 1631 historiae
521 1594 682 1642 collegia
694 1594 856 1640 minora,
887 1592 958 1632 sive
974 1593 1112 1644 speeies
1128 1597 1332 1634 continent
1343 1615 1358 1641 3
1389 1600 1486 1636 eirca
1497 1612 1587 1649 quas
1601 1599 1717 1639 histo-

91 1654 147 1690 ria
163 1651 342 1688 naturalis
357 1649 534 1687 hactenus
549 1650 745 1699 praecipue
762 1660 943 1699 occupata
959 1651 1018 1687 est.

147 1708 183 1744 H
194 1718 233 1744 Is
243 1718 337 1743 ron
347 1716 443 1744 IAM
457 1717 549 1742 vero
564 1707 1005 1754 praetergenerationum
1020 1706 1126 1755 quod
1142 1709 1298 1748 attinet3
1328 1708 1552 1753 jamdudum
1567 1724 1588 1749 a
1603 1713 1718 1750 nobis

93 1761 237 1800 dietum
254 1761 314 1808 est,
326 1762 431 1810 quod
447 1762 511 1797 illa
531 1772 620 1797 cum
635 1759 786 1797 historia
801 1763 1095 1810 generationum
1108 1760 1420 1802 commodiffime
1433 1767 1618 1817 conjungi
1633 1768 1717 1817 pos-

90 1816 153 1855 fit:
184 1829 226 1855 ea
249 1817 401 1863 scilieet,
432 1828 527 1865 quae
549 1814 592 1852 fit
615 1815 833 1865 prodigiosa
856 1827 1019 1863 tantum,
1051 1821 1088 1855 ὃ(
1111 1821 1303 1856 naturalis
1361 1822 1465 1858 Nam
1491 1821 1717 1872 superstitio-

92 1873 169 1910 sam
194 1874 468 1910 miraculorum
488 1871 681 1909 historiam
708 1871 976 1921 (cujuscunque
996 1872 1038 1910 fit
1061 1876 1223 1923 generis)
1250 1877 1417 1913 omnino
1441 1877 1652 1927 relegamus
1674 1881 1717 1918 in

91 1929 292 1966 trae'tatum
315 1930 534 1978 proprium;
572 1939 697 1975 neque
721 1927 843 1976 ipsum
868 1929 942 1973 jam
967 1929 1056 1966 inde
1073 1942 1092 1966 a
1116 1931 1307 1980 principio
1331 1931 1623 1984 luscipiendum,
1651 1935 1717 1973 sed

90 1985 207 2034 paulo
220 1981 315 2034 post,
344 1984 500 2033 quando
515 1984 625 2019 altius
640 1984 681 2019 in
694 1993 849 2020 naturae
864 1982 1152 2032 inquisitionem
1167 1996 1407 2035 penetratum
1422 1988 1549 2026 fuerit.

146 2039 219 2077 AT
248 2039 439 2076 historiam
464 2040 616 2085 artium,
647 2041 685 2075 ὅ(
711 2048 867 2076 naturae
893 2040 939 2076 ab
963 2041 1122 2078 homine
1151 2041 1276 2079 versae
1305 2044 1342 2080 δε
1369 2044 1607 2092 immutatae,
1644 2044 1718 2085 five

92 2092 291 2133 historiam
305 2094 652 2144 experimentalem,
672 2095 862 2143 triplicem
878 2096 1151 2134 constituimus.
1207 2096 1290 2135 Aut
1306 2099 1412 2135 enim
1427 2099 1652 2151 deprompta
1668 2102 1718 2139 est

93 2162 139 2188 ex
164 2151 305 2188 artibus
324 2150 574 2190 mechanicis3
613 2159 677 2187 aut
700 2161 743 2187 ex
769 2153 961 2200 operativa
983 2162 1091 2202 parte
1113 2151 1357 2191 scientiarum
1379 2155 1615 2193 liberalium:
1653 2167 1718 2195 aut

93 2218 139 2244 ex
162 2206 330 2256 practicis
354 2205 615 2255 compluribus
639 2208 676 2243 &
691 2207 970 2256 experimentis,
998 2219 1094 2256 quae
1117 2209 1158 2245 in
1174 2219 1294 2245 artem
1310 2212 1505 2259 propriam
1528 2224 1611 2248 non
1631 2224 1716 2250 coa·

92 2262 268 2302 luerunt3
297 2263 423 2299 immo
446 2273 542 2310 quae
557 2261 789 2309 quandoque
811 2274 855 2299 ex
870 2259 1123 2313 vulgatissima
1147 2266 1376 2312 experientia
1393 2276 1614 2313 occurrunt,
1643 2279 1717 2305 nec

93 2327 214 2355 artem
229 2318 396 2354 omnino
411 2314 631 2354 desiderant.
688 2318 955 2368 Quamobrem
970 2317 995 2354 fi
1011 2331 1053 2354 ex
1069 2318 1126 2354 his
1142 2319 1323 2355 omnibus
1339 2331 1434 2367 quae
1449 2320 1624 2368 diximus,
1654 2335 1716 2372 gc-

93 2372 368 2420 nerationibus,
397 2371 865 2423 praetergenerationibus,
895 2373 1047 2419 artibus,
1076 2375 1113 2409 ὅ(
1128 2375 1395 2422 experimentis
1413 2375 1586 2414 confecta
1600 2377 1717 2416 fuerit

93 2425 271 2470 historia‚·
303 2427 400 2465 nihil
423 2427 721 2477 praetermissum
746 2426 910 2474 videtur,
939 2439 1004 2477 per
1025 2428 1129 2476 quod
1145 2428 1269 2466 sensus
1294 2430 1338 2466 ad
1354 2430 1645 2470 informandum
1661 2435 1718 2470 in-

93 2484 288 2521 tellectum
307 2483 436 2521 instrui
460 2479 585 2532 poffit.
643 2484 782 2531 Neque
806 2484 921 2532 igitur
936 2484 1097 2532 amplius
1119 2485 1220 2521 intra
1235 2486 1398 2523 circulos
1421 2498 1556 2535 parvos
1583 2488 1716 2536 (veluti

93 2538 294 2588 incantati)
309 2538 610 2585 subsultabimus‚
639 2537 702 2575 sed
717 2539 852 2575 mundi
867 2541 1038 2588 pomeria
1058 2540 1284 2577 circuitione
1301 2542 1556 2590 aequabimus.

147 2596 197 2633 V.
226 2596 383 2632 INTER
406 2604 527 2644 partes
550 2606 609 2631 eas
629 2606 719 2642 quas
743 2594 906 2631 diximus
922 2593 1105 2641 historiae,
1135 2597 1291 2632 maximi
1315 2598 1399 2634 usus
1423 2598 1474 2635 est
1486 2597 1640 2636 historia
1662 2611 1716 2637 ar-

94 2651 215 2688 tium:
254 2660 452 2699 propterea
474 2650 580 2698 quod
604 2648 776 2687 ostendat
800 2661 857 2686 res
873 2651 913 2687 in
936 2660 1059 2697 motu,
1091 2652 1128 2688 ὃ(
1152 2653 1271 2701 magis
1294 2653 1393 2690 recta
1407 2653 1519 2690 ducat
1544 2655 1591 2691 ad
1613 2667 1717 2704 prax—

95 2706 149 2743 in.
206 2706 431 2757 Quinetiam
452 2706 558 2742 tollit
573 2705 720 2743 larvam
743 2707 780 2742 ὃ(
794 2705 923 2743 velum
945 2717 966 2742 a
983 2706 1093 2743 rebus
1113 2707 1357 2755 naturalibus,
1387 2721 1482 2758 quae
1505 2710 1718 2759 plerunque

96 2760 164 2798 sub
189 2761 368 2800 varietate
395 2760 602 2810 figurarum
631 2763 668 2798 ὅ(
695 2762 931 2810 apparentiae
958 2771 1133 2798 externae
1159 2764 1402 2801 occultantur
1425 2774 1489 2802 aut
1516 2764 1717 2803 obscuran-

94 2825 169 2854 tur.
226 2816 405 2864 Denique
427 2817 644 2856 vexationes
666 2818 754 2853 artis
777 2815 863 2854 sunt
877 2827 979 2854 certe
1001 2827 1183 2865 tanquam
1205 2820 1356 2857 vincula
1371 2822 1408 2857 ὃς
1430 2821 1602 2857 manicae
1625 2822 1718 2859 Pro-

95 2873 160 2918 tei,
190 2883 286 2919 quae
308 2872 466 2908 ultimos
481 2873 661 2909 materiae
683 2873 791 2908 nixus
806 2873 1014 2910 &conatus
1035 2873 1216 2922 produnt.
1277 2875 1455 2925 Corpora
1478 2877 1583 2912 enim
1608 2877 1717 2927 perdi

97 2937 160 2964 aut
184 2927 386 2964 annihilari
409 2928 569 2968 nolunt3
599 2926 662 2964 sed
684 2927 812 2976 potius
831 2927 872 2964 in
894 2930 1010 2967 varias
1032 2928 1175 2965 formas
1191 2928 1227 2966 se
1250 2941 1413 2967 mutant.
1469 2931 1600 2979 Itaque
1619 2933 1718 2969 circa
1762 2948 1767 2953 “

97 2982 196 3019 hane
233 2979 430 3018 historiam
457 2983 546 3020 licet
583 2981 844 3019 mechanicam
874 2983 929 3030 (ut
956 2983 1077 3021 videri
1114 2980 1242 3034 possit)
1275 2987 1313 3023 δε
1347 2987 1474 3023 minus
1504 2987 1718 3035 liberalem,

101 3036 218 3082 (miss'a
233 3039 447 3086 arrogantia
462 3040 499 3075 ὃ(
513 3037 617 3086 fastu)
634 3037 781 3075 summa
796 3037 843 3074 est
858 3038 1070 3076 adhibenda
1086 3039 1295 3088 diligentia.

153 3093 361 3139 Runsus,
390 3093 490 3130 inter
514 3102 610 3130 artes
631 3092 894 3142 praeferuntur
917 3107 994 3142 eae,
1024 3106 1120 3142 quae
1143 3106 1305 3145 corpora
1319 3097 1503 3134 naturalia
1527 3098 1566 3134 δε
1588 3107 1717 3132 rerum

99 3147 305 3185 materialia
332 3147 523 3195 exhibent,
563 3149 736 3197 alteram,
772 3151 811 3189 &
836 3159 1079 3202 praeparants
1116 3161 1158 3190 ut
1184 3151 1437 3202 agricultura5
1472 3152 1717 3200 coquinaria;

1524 3206 1717 3254 chymiea5
