1973 3570
15 259 17 294 l

319 138 743 188 HISTORIA
797 136 1053 184 DENSI
1107 137 1210 185 ET
1261 140 1491 190 RARI.
1753 161 1858 210 103,

83 240 218 281 beuter
241 241 316 293 pati
340 236 466 290 possit,
495 238 743 278 condensabit
767 237 803 277 se
819 240 880 277 ae‘r
891 239 1052 289 placide,
1080 241 1118 278 δε
1133 241 1260 279 nullus
1276 243 1347 279 erit
1363 245 1455 281 alius
1472 255 1623 285 motus:
1652 246 1704 289 fin

82 297 236 342 majoris
259 296 373 333 fuerit
389 296 662 345 magnitudinis
676 306 792 344 quam
814 296 875 332 aer
895 296 992 333 bene
1007 295 1106 333 ferre
1117 291 1248 348 polilt,
1270 295 1404 337 resistet
1424 302 1498 348 aer,
1515 303 1703 345 &levabit

79 353 176 389 latus
201 351 355 400 aliquod
371 349 478 400 ipsius
499 352 626 398 catini,
657 352 694 388 ὅ(
709 350 824 388 exibit
844 351 884 387 in
905 351 1028 388 bullis.

91 435 94 439 .
131 417 171 456 4.
201 408 371 444 ET1AM
399 418 442 443 ex
472 402 755 456 compreffione
787 403 926 443 vesicae
951 406 1095 444 videbis
1122 406 1320 456 quousque
1349 411 1556 462 comprimi
1585 412 1700 464 poffit

78 457 154 500 fine
178 472 356 514 ruptura3
387 471 450 499 aut
477 463 592 499 etiam
615 473 658 498 ex
687 460 843 498 follibus
867 461 1008 509 levatis,
1037 464 1075 500 ὃ(
1097 461 1228 500 denuo
1247 463 1445 512 obturatis,
1474 468 1578 518 prius
1605 469 1703 507 fora-

77 518 246 555 minibus
275 512 504 567 compreffis.
561 517 622 554 De
651 515 950 553 condensatione
972 528 1090 565 aquae
1112 518 1187 555 tale
1216 530 1236 555 a
1265 519 1378 557 nobis
1401 520 1542 560 fidium
1563 523 1612 561 est
1643 537 1701 563 ex-

75 573 358 622 perimentum3
389 573 549 622 globum
568 571 649 609 fieri
669 571 829 610 fecimus
843 571 1080 621 plumbeum,
1108 584 1198 610 cum
1219 574 1396 613 lateribus
1431 577 1527 625 bene
1561 576 1700 628 crassis,

75 630 114 667 ὅ(
128 627 317 665 foramine
332 629 371 664 in
389 627 540 665 summo
559 639 642 664 non
662 638 818 676 magno.
876 627 1049 665 Globum
1075 640 1173 678 aqua
1191 630 1430 679 replevimus,
1459 634 1498 670 &
1519 632 1697 674 foramen

74 684 234 720 metallo
270 683 324 730 (ut
356 683 617 731 meminimus)
643 683 791 734 optime
813 681 1067 721 solidavimus.
1128 685 1232 722 Tum
1266 685 1428 734 globum
1461 688 1585 735 illum,
1615 699 1697 728 tan-

74 749 189 786 quam
210 738 255 775 ad
279 738 374 775 duos
402 739 512 788 polos
538 739 762 785 contrarios,
790 738 920 787 primo
943 739 1102 785 malleis,
1131 738 1270 777 deinde
1291 752 1358 790 per
1381 742 1604 791 pressorium
1634 758 1694 783 ro-

75 791 237 840 bustum,
265 792 417 830 fortiter
439 789 738 845 comprcffimus.
797 793 903 830 Cum
926 803 1053 831 autem
1082 805 1124 831 ea
1152 796 1368 844 applanatio
1390 798 1559 837 multum
1583 799 1694 839 sustu-

70 847 165 886 liffet
191 861 234 885 ex
263 849 465 900 capacitate
488 849 607 898 globi,
637 849 733 886 adeo
755 857 797 885 ut
820 847 867 885 ad
895 848 1065 886 ofitavam
1094 846 1194 898 quast
1218 850 1408 890 diminuta
1436 853 1570 902 fuisset,
1600 845 1694 894 tam—

71 903 139 941 diu
167 906 204 941 &
234 916 314 941 non
344 905 504 954 amplius
530 902 699 941 sustinuit
728 902 765 940 se
789 914 884 951 aqua
914 903 1149 941 condensari.
1208 906 1281 943 Sed
1309 907 1467 946 ulterius
1495 921 1624 953 vexata
1654 915 1694 951 δε

68 959 275 1008 compress'a
293 971 375 1001 non
391 959 588 1007 tolerabat,
617 958 680 996 sed
694 959 816 996 exibat
832 970 927 1007 aqua
943 970 986 997 ex
1002 960 1133 997 multis
1146 961 1314 1011 partibus
1329 962 1440 1001 solidi
1455 967 1614 1014 metalli,
1643 959 1696 1006 ad²

69 1015 232 1052 modum
247 1016 351 1067 parvi
367 1015 510 1052 imbris.

127 1081 161 1119 5.
192 1069 264 1107 Ar
295 1072 421 1107 omnis
441 1080 583 1115 moruS,
614 1080 728 1117 quern
750 1079 901 1116 vocant,
929 1068 1133 1115 violentus,
1161 1070 1278 1108 veluti
1294 1072 1457 1120 pilarum
1477 1086 1498 1112 e
1519 1083 1697 1120 tormen-‚

67 1125 128 1172 tis,
158 1125 387 1174 sagittarum,
419 1124 660 1175 spiculorum,
689 1124 965 1171 machinarum,
1004 1126 1042 1161 δε
1064 1125 1230 1162 aliorum
1255 1125 1511 1175 infinitorum,
1540 1134 1687 1183 expedi-

65 1190 129 1218 tur
151 1193 215 1229 per
231 1176 553 1230 compressionem
569 1181 927 1229 praeternaturalem
943 1190 1164 1230 corporum,
1194 1182 1231 1217 ὅ(
1247 1181 1379 1218 nixum
1393 1183 1563 1232 ipsorum
1582 1187 1629 1224 ad
1649 1188 1687 1226 sc.

64 1236 360 1276 restituendum3
389 1235 493 1284 quod
516 1247 606 1272 cum
620 1235 829 1272 commode
842 1235 889 1283 ad
908 1245 1058 1284 tempus
1073 1234 1195 1272 facere
1210 1247 1292 1273 non
1313 1234 1468 1286 poffint,
1496 1240 1588 1278 loco
1602 1243 1686 1282 mo*¹

62 1301 211 1329 ventur.
269 1292 373 1328 Nam
402 1289 531 1337 solida,
572 1289 792 1342 praesertim
823 1290 927 1337 dura,
966 1291 1190 1328 ulteriorem
1221 1290 1546 1341 compreffioncm
1574 1307 1686 1347 aegre

63 1346 274 1383 admodum
296 1347 473 1383 tolerant.
531 1347 677 1384 Verum
701 1344 854 1392 hujusce
882 1347 937 1383 rei
965 1339 1251 1395 inquisitionem
1271 1347 1316 1383 ad
1332 1349 1489 1387 titulum
1505 1350 1552 1389 de
1573 1363 1686 1393 motu

62 1402 245 1438 libertatis
271 1402 470 1446 rejicimus.
526 1401 694 1448 Etenim,
723 1411 764 1439 ut
780 1401 919 1451 saepius
934 1401 1109 1452 diximu3‚
1137 1401 1270 1440 titulus
1291 1403 1464 1453 praesens
1487 1405 1536 1444 de
1563 1406 1685 1446 denso

64 1459 102 1494 ὅ(
117 1469 203 1494 raro
218 1456 332 1506 spicas
346 1466 496 1494 tantum
512 1456 617 1506 legit,
645 1468 728 1493 non
745 1456 919 1495 demetit.
1496 1506 1500 1507 ⁷

64 1540 68 1543 .
117 1514 155 1549 6.
186 1514 294 1564 Quo
318 1522 477 1563 corpora
502 1510 586 1549 sunt
607 1513 760 1559 rariora,
790 1523 839 1549 eo
858 1512 904 1550 ab
924 1512 1040 1550 initio
1055 1511 1091 1549 se
1113 1511 1345 1559 contrahunt
1373 1513 1545 1564 facilius;
1575 1518 1680 1567 quod

61 1563 89 1605 fi
111 1568 209 1606 ultra
237 1569 422 1604 terminos
447 1565 531 1604 suos
547 1567 753 1619 comprefla
774 1567 931 1615 fuerint,
959 1579 1009 1617 eo
1036 1567 1072 1605 se
1094 1568 1290 1607 vindicant
1314 1573 1509 1620 potentius
1525 1588 1548 1617 ‚·:
1570 1583 1613 1612 ut
1637 1576 1680 1614 in

60 1622 214 1660 flamma
229 1625 265 1660 ὅ(
284 1624 367 1660 ae're
383 1621 508 1659 clauso
524 1623 789 1665 manifestatur.
841 1645 844 1650 -

118 1688 154 1725 7.
184 1680 402 1717 FLAMMA
432 1675 647 1727 simpliciter
676 1675 882 1728 compressa
907 1677 1009 1725 (licet
1022 1673 1098 1730 fine
1113 1677 1215 1725 flatu,
1246 1688 1288 1716 ut
1312 1676 1353 1717 in
1376 1681 1531 1731 pulvere
1550 1684 1679 1733 pyr-io)

59 1743 190 1771 tamen
206 1734 324 1783 magis
338 1733 475 1776 fuerit3
507 1743 548 1770 ut
564 1731 727 1784 conspici
742 1733 850 1771 datur
865 1733 906 1769 in
921 1733 1136 1770 fornacibus
1151 1735 1470 1785 reverberatoriis,
1493 1738 1558 1777 ubi
1573 1738 1678 1777 flam-

60 1800 123 1825 ma
140 1789 356 1838 impeditur,
385 1789 555 1835 arctatur,
585 1790 844 1839 repercutitur,
872 1784 1002 1826 finuat.
1530 1823 1534 1827 ,

113 1841 326 1883 Monitum.
383 1845 723 1888 DILATATIONI
752 1856 821 1896 per
854 1843 1188 1889 deacervationem
1217 1858 1301 1893 non
1335 1845 1550 1899 opponitur
1575 1849 1677 1889 aestio

59 1900 279 1949 reciproca:
308 1899 398 1947 quia
418 1911 577 1948 corpora
600 1899 818 1944 deacervata
841 1910 925 1945 non
947 1909 1216 1947 coacervantur
1231 1902 1371 1950 rursus,
1399 1900 1469 1941 nisi
1486 1915 1557 1953 per
1583 1916 1676 1946 con-

59 1954 285 1995 flatione1113
314 1964 354 1991 ut
377 1955 417 1991 in
433 1952 670 1992 restitutione
691 1955 951 1996 metallorum,
981 1955 1029 2007 de
1053 1967 1128 2004 qua
1153 1954 1272 2008 supra.

115 2008 409 2048 Commentatio.
466 2010 556 2048 Esr
591 2012 629 2047 &
666 2010 770 2047 aliud
803 2021 923 2060 genus
950 2010 1102 2047 fortasse
1135 2010 1409 2050 contrafflonis
1446 2023 1674 2067 corporum,

61 2076 145 2102 non
173 2076 217 2101 ex
246 2063 463 2116 reciprocis,
494 2064 555 2102 sed
571 2063 773 2115 pofitivum
789 2068 826 2102 δε
847 2078 912 2116 per
937 2065 985 2102 se.
1042 2064 1291 2105 Arbitramur
1313 2062 1434 2115 enim,
1463 2070 1506 2106 in
1523 2069 1673 2108 difl'olu-

59 2120 169 2157 tione
185 2131 393 2171 corporum
415 2131 509 2168 quae
529 2119 570 2158 fit
587 2122 627 2157 in
642 2121 867 2170 liquoribus,
895 2130 935 2162 ut
951 2121 992 2158 in
1006 2120 1253 2166 diffolutione
1269 2124 1529 2171 metallorum,
1557 2126 1673 2163 etiam

57 2176 222 2225 gummi,
253 2174 425 2221 sacchari,
465 2177 502 2212 ὃ(
525 2172 715 2224 similium,
753 2177 869 2228 recipi
896 2188 1033 2229 corpus
1061 2169 1296 2227 aliquatenus
1326 2179 1426 2230 lutra
1455 2177 1672 2227 {iquorem}

60 2241 185 2279 neque
207 2240 337 2267 tamen
361 2230 554 2278 liquorem
580 2241 652 2282 pro
677 2240 754 2268 rata
779 2241 883 2284 parte
911 2229 1082 2284 corporis
1112 2234 1251 2283 recepti
1267 2233 1427 2278 dilatari,
1454 2225 1673 2284 autexp'or-

58 2286 143 2335 rigi.
198 2285 316 2337 Quod
344 2282 370 2322 fi
396 2284 451 2333 fit,
483 2284 651 2334 sequitur
673 2296 715 2323 ut
744 2282 787 2322 fit
808 2282 1081 2335 condensatim
1112 2298 1199 2337 curn
1225 2287 1328 2322 idern
1356 2286 1518 2338 spatium
1539 2278 1670 2326 'coriti-

57 2350 146 2378 neat
164 2340 248 2392 plus
263 2342 449 2392 corporis.
509 2341 626 2378 Certe
654 2338 695 2378 in
715 2339 960 2378 dissolutione
980 2342 1242 2388 metallorum,
1271 2335 1297 2377 fi
1323 2336 1418 2391 aqua
1437 2334 1553 2380 semel
1568 2336 1670 2381 exce-

55 2397 157 2446 perit
173 2407 270 2433 onus
285 2396 406 2443 suum,
435 2407 518 2433 non
532 2394 696 2433 dissolvit
711 2396 884 2445 amplius,
915 2406 985 2431 nec
1001 2405 1188 2444 operatur.
1244 2397 1353 2433 Hanc
1367 2406 1495 2434 autem
1509 2391 1668 2447 cunden-

49 2449 246 2504 sationem
273 2447 313 2498 (fi
339 2452 422 2488 talis
437 2453 635 2503 quaepiam
649 2448 704 2500 fit)
731 2450 1035 2488 contractionem
1062 2459 1272 2500 corporum
1299 2463 1368 2503 per
1397 2447 1668 2492 onerationem

56 2507 243 2559 appellare
267 2505 468 2557 poss'umus.

111 2558 361 2600 Mandatum.
406 2572 438 2598 1.
471 2562 698 2599 ΙΜΜῙΤΤΕ
726 2573 861 2611 aquam
893 2561 934 2598 in
963 2558 1107 2597 eineres
1135 2561 1275 2613 press'os
1303 2560 1349 2598 ad
1374 2560 1592 2612 summum3
1630 2565 1668 2601 &

57 2627 152 2654 nota
170 2616 382 2666 diligenter,
410 2626 596 2665 quantum
616 2616 801 2655 decrescat
821 2617 867 2653 de
888 2616 1172 2667 exporrectione
1200 2617 1371 2655 cinerum
1397 2613 1592 2668 postquam
1612 2629 1667 2656 rc*

58 2672 227 2721 ceperint
248 2683 395 2720 aquam,
426 2672 471 2709 ab
492 2683 533 2708 ea
546 2683 660 2720 quam
676 2673 887 2710 habuerunt
902 2669 1000 2721 prius
1016 2671 1226 2722 intermisto
1242 2673 1335 2708 aete.
1534 2671 1538 2674 ⁴
1565 2671 1570 2675 ’

46 2718 55 2735 <
114 2724 431 2778 Observationes.
486 2727 823 2765 EFFICIENTIA
851 2723 1082 2764 dilatationis
1105 2725 1323 2776 corporum,
1353 2739 1449 2777 quae
1478 2739 1522 2765 ex
1546 2725 1666 2775 inqui-

50 2780 192 2831 ,titione
200 2783 326 2832 priore
337 2783 377 2819 in
391 2784 513 2820 lucem
525 2782 727 2833 prodeunt,
739 2781 822 2820 sunt
833 2793 986 2819 novem.
1021 2792 1053 2819 1.
1071 2783 1305 2834 Introceptio
1316 2780 1387 2832 five
1397 2780 1497 2820 admi
1503 2778 1572 2818 ssio
1584 2781 1665 2818 coh

58 2839 162 2888 poris
188 2839 314 2875 alieni.
374 2848 409 2875 2.
441 2834 624 2887 Expanfio
652 2836 841 2884 naturalis,
880 2833 952 2875 five
979 2838 1314 2887 praeternaturalis,
1352 2835 1498 2888 spiritus
1525 2834 1660 2873 innati.

62 2900 99 2941 3.
127 2893 238 2942 Ignis,
269 2890 340 2931 five
368 2894 470 2930 calor
496 2902 669 2931 externus
688 2891 860 2933 actualiss
888 2902 951 2930 aut
979 2891 1091 2930 etiam
1111 2888 1279 2943 remiffio
1304 2891 1464 2942 frigoris.
1519 2890 1557 2940 4]
1578 2889 1663 2928 'Ca—

58 2948 120 2983 lor
139 2957 312 2986 extcrnus
336 2946 560 2997 potentialis,
588 2944 661 2985 five
694 2946 842 2999 spiritus
871 2948 1074 2986 auxiliares.
1135 2958 1169 2998 5.
1198 2947 1390 2986 Liberatio
1417 2944 1616 2996 spirituum
1643 2957 1665 2983 a

1428 3001 1433 3006 ’
1452 3000 1456 3003 ’
1472 3001 1488 3006 ”
1505 3002 1666 3040 w'nculis

917 3066 942 3108 .¹.
