1973 3570
153 301 249 352 150

437 281 867 336 HISTORIA
920 276 1186 324 VITAE
1238 271 1339 320 ET
1407 275 1749 323 MORTls.

340 382 405 436 63.
437 383 611 422 Canon
644 382 855 434 spirituum,
882 390 923 418 ut
939 380 1113 425 diximus,
1142 378 1219 424 ejus
1234 376 1381 426 generis
1407 376 1475 414 ess'e
1501 377 1625 424 debet,
1655 389 1695 416 ut
1719 377 1760 416 sit
1785 381 1894 425 robu-

286 440 370 487 stus,
390 452 473 478 non
487 441 600 480 actis;
629 441 665 476 &
680 448 781 475 amet
795 436 976 474 obstinata
991 434 1178 480 subruere,
1198 433 1324 484 potius
1339 444 1452 480 quam
1468 442 1656 470 attenuata
1675 433 1889 483 asportare.

345 497 410 545 64.
443 495 730 533 CAVENDUM
746 493 799 531 ab
825 490 1067 535 aromatibus,
1096 490 1189 527 vino
1226 490 1261 524 ὅ(
1287 497 1381 536 potu
1406 487 1524 528 forti3
1562 498 1602 525 ut
1624 488 1707 526 usus
1729 488 1895 539 ipsorum

292 546 334 588 fit
352 550 459 588 valde
484 559 709 599 temperatus
735 551 772 586 <Sc
796 546 1015 585 abstinentia
1042 544 1290 595 interpolatus
1312 556 1320 579 :
1347 543 1459 579 ctiam
1485 555 1504 579 a
1528 541 1693 590 satureia,
1724 547 1896 595 origano,

291 606 457 657 pulegio,
486 607 522 642 &
542 604 733 650 omnibus,
761 614 855 651 quae
878 602 923 639 ad
951 601 1116 652 palatum
1145 600 1241 635 acria
1270 597 1353 634 sunt
1384 600 1421 634 ὅ(
1446 595 1641 635 inccnfiva.
1697 600 1765 637 Illa
1792 604 1897 640 enim

289 660 469 711 praestant
485 658 674 711 spiritibus
694 660 859 695 calorem
875 669 957 694 non
973 655 1160 700 fabrilem,
1189 653 1248 690 sed
1266 653 1555 702 praedatorium.

345 717 409 764 65.
440 716 717 753 ROBUSTUM
753 713 931 765 praebent
967 711 1132 747 calorem
1166 709 1362 761 praecipue
1398 709 1520 755 enula,
1560 707 1701 756 allium,
1745 711 1902 750 carduus

289 770 518 816 benedictus,
546 767 766 806 nasturtium
795 765 1022 811 adolescens,
1059 764 1313 810 chamaedrys,
1350 765 1528 811 angelica,
1558 763 1743 812 zedoaria,
1773 768 1899 804 verbe-

289 837 350 871 na,
378 825 573 869 valeriana,
600 822 764 871 myrrha,
793 820 948 865 costum,
979 819 1142 855 sambuci
1165 818 1289 863 flores,
1317 817 1491 866 myrrhis.
1546 820 1697 856 Horum
1712 819 1796 857 usus
1811 833 1899 859 cum

291 879 436 916 deleslu
456 881 493 916 &
518 876 669 924 judicio,
699 878 788 914 alias
807 878 848 912 in
868 874 1140 920 condimentis,
1168 873 1255 909 alias
1275 873 1316 909 in
1339 873 1637 921 medicamentis,
1666 874 1755 913 huic
1773 888 1900 927 opera—

292 935 391 972 tioni
414 933 620 970 satisfaciet.

343 989 408 1025 66.
438 989 568 1025 BENE
592 988 707 1025 etiam
723 987 834 1032 cedit,
863 984 967 1035 quod
983 983 1107 1033 opiata
1127 994 1264 1033 magna
1278 982 1366 1020 huic
1381 995 1532 1031 quoque
1560 985 1774 1032 operationi
1797 998 1898 1036 egre-

288 1043 350 1092 gie
364 1042 528 1081 serviunt
545 1056 554 1079 ε
582 1054 631 1079 eo
644 1042 830 1088 videlicet,
861 1041 966 1090 quod
980 1039 1158 1077 exhibent
1173 1039 1341 1075 calorem
1356 1040 1470 1075 talem
1486 1051 1552 1089 per
1568 1038 1900 1090 compositionem,

286 1098 407 1146 qualis
421 1100 462 1134 in
476 1095 700 1147 simplicibus
720 1106 884 1148 optatur,
913 1095 976 1133 sed
995 1095 1056 1134 vix
1075 1094 1231 1132 habetur
1249 1107 1258 1129 :
1289 1094 1433 1130 etenim
1456 1094 1675 1142 recipiendo
1695 1096 1811 1133 calida
1836 1098 1902 1135 illa

286 1148 531 1189 intenfiffima
554 1152 690 1201 (qualia
710 1151 794 1189 sunt
812 1151 1078 1203 euphorbium,
1105 1148 1339 1201 pyrethrum,
1359 1146 1624 1198 stachys-agria,
1645 1150 1901 1200 dracontium,

288 1207 473 1254 anacardi,
503 1206 720 1253 castoreum,
750 1205 1041 1251 aristolochium,
1069 1216 1278 1254 opopanax,
1306 1201 1603 1250 ammoniacum,
1632 1206 1846 1255 galbanum,
1863 1210 1901 1246 ὃ(

289 1260 447 1303 fimilia3
476 1275 570 1311 quae
591 1265 691 1299 intus
706 1274 772 1314 per
796 1261 832 1299 se
858 1261 957 1299 sumi
973 1272 1054 1297 non
1074 1260 1250 1311 possunt)
1283 1259 1328 1295 ad
1359 1259 1635 1296 retundendam
1663 1262 1741 1297 vim
1770 1274 1901 1300 narco-

289 1317 404 1354 ticam
423 1319 514 1368 opii,
543 1316 774 1355 constituunt
797 1318 955 1354 demum
975 1317 1092 1352 talem
1107 1315 1415 1363 complexionem
1436 1314 1717 1362 medicamenti,
1748 1319 1899 1364 qualem

287 1372 364 1417 jam
386 1374 637 1421 requirimus;
665 1372 771 1421 quod
798 1374 944 1422 optime
965 1369 1184 1420 perspicitur
1211 1371 1252 1405 in
1267 1369 1353 1414 hoe,
1384 1369 1489 1417 quod
1513 1368 1676 1406 theriaca
1699 1373 1736 1408 ὃς
1751 1372 1901 1410 Mithri·

289 1427 446 1474 datium,
476 1431 514 1465 &
543 1429 695 1477 reliqua,
725 1439 805 1464 non
829 1427 914 1465 sunt
937 1427 1033 1462 acria
1048 1436 1118 1461 nee
1138 1425 1318 1461 mordent
1334 1424 1523 1472 linguam3
1558 1423 1619 1461 sed
1635 1435 1784 1463 tantum
1814 1427 1900 1466 sunt

287 1484 483 1530 paululum
505 1494 640 1529 amara,
678 1485 715 1520 ὅς
743 1482 873 1518 odoris
901 1477 1068 1533 potentis
1096 1481 1133 1516 ὅ(
1166 1479 1335 1528 produnt
1360 1478 1517 1516 demum
1541 1479 1769 1518 caliditatem
1795 1483 1899 1521 suam

287 1538 330 1573 in
348 1536 542 1587 stomacho
562 1540 599 1575 ὅ(
624 1537 908 1587 operationibus
923 1535 1179 1584 sequentibus,

347 1594 412 1640 67.
441 1593 610 1629 ETIAM
638 1593 684 1629 ad
713 1593 880 1629 calorem
906 1589 1102 1628 robustum
1130 1588 1342 1638 spirituum,
1371 1587 1458 1625 facit
1486 1600 1601 1626 venus
1635 1590 1740 1640 saepe
1768 1591 1900 1630 excita-

288 1657 337 1694 ta,
367 1659 453 1684 raro
487 1647 655 1696 perasta:
692 1657 804 1695 atque
835 1646 1016 1684 nonnulli
1046 1657 1090 1682 ex
1118 1643 1323 1690 affeffibus,
1351 1643 1399 1681 de
1427 1645 1561 1692 quibus
1590 1646 1712 1695 postea
1740 1647 1897 1686 dicetur.

287 1702 418 1750 Atque
441 1701 489 1739 de
517 1703 641 1739 calore
665 1701 866 1754 spirituum
889 1702 1054 1751 analogo
1083 1700 1129 1736 ad.
1156 1698 1493 1750 prolongationem
1526 1700 1623 1741 vitae
1653 1701 1728 1747 jam
1753 1702 1900 1752 inquisi-

287 1768 372 1795 tum
400 1755 460 1794 est.
1591 1776 1605 1793 a

344 1811 410 1849 68.
440 1813 509 1848 DE
538 1812 646 1861 copia
668 1809 884 1861 spirituum,
904 1820 947 1849 ut
971 1822 1053 1847 non
1068 1807 1139 1847 fint
1161 1809 1402 1847 exuberantes
1425 1811 1461 1846 ὃς
1485 1809 1720 1858 ebullientes,
1750 1811 1812 1849 sed
1832 1825 1898 1863 po·

287 1866 361 1904 tius
393 1868 492 1916 parci
533 1869 570 1904 ὅ(
608 1868 708 1904 intra
749 1867 924 1914 modum,
966 1866 1068 1913 (cum
1097 1865 1249 1902 flamma
1277 1877 1388 1915 parva
1410 1877 1493 1901 non
1515 1874 1667 1902 tantum
1688 1867 1897 1917 praedetur,

287 1932 473 1970 quantum
489 1920 655 1971 magna,)
686 1923 806 1960 brevis
826 1919 1020 1970 inquisitio
1035 1920 1094 1957 est.

344 1977 408 2022 69.
440 1978 676 2014 VIDETUR
708 1977 755 2014 ab
782 1978 1011 2028 experientia
1039 1975 1293 2027 comprobari,
1335 1974 1440 2023 quod
1464 1975 1585 2012 diaeta
1609 1977 1733 2014 tenuis
1755 1980 1792 2015 δε
1820 1979 1899 2017 fere

287 2031 547 2080 Pythagorica,
576 2033 635 2069 vel
663 2045 705 2069 cx
735 2034 872 2081 regulis
896 2031 1144 2070 severioribus
1173 2031 1271 2068 vitae
1298 2028 1533 2077 monasticae,
1573 2032 1630 2068 vel
1655 2044 1698 2068 ex
1720 2030 1899 2072 institutis

287 2087 545 2133 eremitarum,
573 2098 667 2135 quae
689 2083 946 2124 necess'itatem
967 2087 1190 2136 &inopiam
1213 2085 1399 2122 habebant
1424 2097 1496 2135 pro
1511 2087 1650 2135 regula,
1679 2088 1796 2125 vitam
1816 2089 1897 2128 red-

286 2139 351 2178 dat
366 2141 601 2190 longaevam.

342 2205 407 2244 70.
438 2197 542 2233 Huc
566 2197 758 2246 pertinent
781 2207 892 2246 potus
920 2207 1048 2245 aquae,
1075 2195 1228 2234 stratum
1256 2196 1407 2241 durum,
1435 2197 1496 2233 a'e'r
1517 2195 1687 2244 frigidus,
1715 2197 1832 2236 victus
1846 2209 1900 2237 te·

288 2252 387 2297 nuis,
418 2248 573 2300 (scilicet
596 2256 639 2288 ex
663 2253 840 2299 oleribus,
869 2252 1069 2299 fruffibus,
1090 2255 1202 2300 atque
1229 2252 1402 2288 carnibus
1417 2253 1454 2288 &
1478 2249 1639 2301 piscibus
1668 2253 1832 2291 conditis
1860 2257 1899 2293 &

289 2303 412 2351 salitis,
441 2307 568 2354 potius
590 2318 704 2355 quam
731 2307 944 2344 recentibus
971 2309 1008 2344 ὅ(
1036 2307 1191 2354 calidis,)
1221 2304 1410 2343 indusium
1432 2305 1556 2351 cilicii,
1585 2306 1714 2344 erebra
1742 2309 1897 2358 jejunia,-

284 2360 435 2396 crebrae
462 2359 619 2409 vigiliae,
635 2374 750 2400 rarae
778 2363 989 2412 voluptates
1004 2361 1198 2408 sensuales,
1228 2364 1265 2399 ὃς
1284 2359 1525 2406 hujusmodi:
1555 2363 1688 2399 omnia
1716 2365 1820 2400 enim
1834 2365 1898 2403 ista

286 2413 465 2451 minuunt
495 2413 654 2465 spiritus,
683 2416 821 2465 eosque
844 2418 1021 2466 redigunt
1049 2417 1095 2454 ad
1115 2417 1364 2465 quantitatem
1392 2427 1487 2463 eam,
1517 2427 1610 2464 quae
1625 2420 1899 2459 tantummodo

291 2468 389 2505 vitae
410 2470 551 2506 muniis
572 2467 728 2508 sufficiat
744 2484 756 2512 5
782 2473 884 2510 unde
904 2473 1035 2509 minor
1054 2471 1096 2508 fit
1118 2469 1369 2522 depraedatio.

346 2531 410 2570 71.
446 2525 588 2575 Quoi)
626 2523 653 2561 fi
692 2526 814 2563 diaeta
841 2525 952 2565 fuerit
988 2526 1205 2573 hujusmodi
1232 2524 1430 2575 rigoribus,
1472 2527 1510 2563 ὅ(
1542 2525 1898 2569 mortificationibus

291 2578 407 2628 paulo
433 2577 654 2628 benignior3
682 2580 743 2617 sed
773 2591 901 2619 tamen
924 2581 1070 2632 semper
1098 2581 1271 2630 aequalis,
1300 2582 1338 2618 ὃς
1364 2578 1431 2617 sibi
1459 2581 1640 2629 constans,
1669 2584 1827 2622 eandem
1856 2597 1899 2624 o·

291 2643 381 2683 pem
400 2632 577 2684 praestat3
607 2636 751 2672 etenim
774 2637 888 2673 etiam
908 2638 948 2673 in
967 2635 1129 2674 fiammis
1147 2637 1327 2682 videmus,
1355 2635 1549 2673 flammam
1573 2638 1751 2676 nonnihil
1779 2640 1897 2686 maio—

291 2698 387 2734 rem,
419 2686 554 2733 (modo
576 2688 688 2727 fuerit
710 2690 879 2728 constans
902 2694 939 2729 ὅς
965 2690 1197 2742 tranquilla,)
1226 2693 1353 2728 minus
1378 2690 1571 2728 absumere
1594 2704 1638 2728 ex
1661 2693 1798 2731 fomite
1819 2694 1901 2743 suo;

291 2753 407 2789 quam
434 2741 588 2779 flamma
610 2746 739 2782 minor
771 2747 918 2795 agitata,
947 2748 984 2783 &
1006 2759 1072 2796 per
1095 2747 1192 2784 vices
1214 2743 1396 2783 intenfior
1421 2748 1458 2783 ὃ(
1483 2743 1698 2784 remiffior:
1726 2749 1765 2785 id
1791 2751 1899 2798 quod

291 2797 403 2847 plane
428 2796 694 2851 demonstravit
717 2802 901 2849 regimen,
931 2802 968 2838 ὅ(
982 2802 1103 2840 diaeta
1120 2802 1285 2839 Comari
1305 2802 1458 2846 Veneti,
1487 2801 1552 2848 qui
1573 2801 1668 2838 bibit
1683 2805 1720 2840 ὅ(
1740 2804 1821 2841 edit
1834 2815 1895 2844 tot

288 2863 410 2889 annos
435 2851 481 2889 ad
500 2852 634 2898 justum
649 2855 824 2904 pondu53
853 2856 956 2894 unde
983 2854 1230 2895 centesimum
1257 2857 1400 2894 annum
1423 2855 1563 2895 viribus
1581 2857 1618 2893 ὅ(
1634 2855 1792 2896 senfibus
1808 2861 1895 2898 vali⁴

289 2905 359 2943 dus
387 2906 581 2956 superavit.

346 2970 410 3020 .7²·
439 2963 609 3000 ETIAM
632 2962 837 3002 videndum
865 2964 926 3012 est,
956 2978 1004 3003 ne
1018 2978 1165 3017 eorpus,
1194 2967 1299 3016 quod
1312 2967 1458 3018 plenius
1473 2967 1650 3011 nutritur,
1682 2979 1805 3016 neque
1828 2980 1896 3021 per

289 3012 507 3075 hujusmodi
543 3017 683 3066 (quales
710 3019 884 3068 diximus)
915 3021 1052 3059 diaetas
1080 3024 1296 3070 emaciatur,
1326 3022 1472 3061 veneris
1497 3021 1603 3059 usum
1633 3024 1894 3074 tempestivum

288 3078 440 3107 omittat
452 3084 463 3112 3
492 3084 541 3109 ne
562 3073 708 3124 spiritus
727 3076 842 3111 nimis
861 3085 1047 3124 turgeant,
1076 3079 1113 3114 &
1136 3089 1272 3126 corpus
1291 3077 1491 3114 emolliant
1509 3078 1546 3113 ὃ(
1568 3074 1768 3115 destruant.
1822 3080 1896 3117 lta-1

287 3136 362 3175 que
375 3124 422 3165 de
437 3128 545 3179 copia
562 3128 708 3179 spiritus
722 3129 929 3178 moderata,
958 3132 995 3168 ὅ(
1009 3129 1108 3179 quasi
1123 3130 1269 3180 frugali,
1298 3131 1373 3180 jam
1399 3128 1617 3180 inquisitum
1634 3130 1693 3168 cst.
1887 3122 1891 3126 ⁵

1650 3195 1714 3235 73.
1747 3188 1891 3238 SEQH—
