1973 3570
143 246 240 296 208
435 234 853 292 A-RT1CUL1
905 244 1177 291 CIRCA
1236 226 1752 292 MINERALI'A.

333 340 696 393 QUAERENDUM
719 340 845 385 etiam,
875 349 969 387 quae
990 348 1141 400 tempus
1161 335 1233 376 five
1256 335 1411 375 vetustas
1429 337 1604 380 reducem
1644 336 1719 376 sine
1739 339 1896 378 admini-

285 394 397 435 culo
388 396 497 445 rgniS,
525 403 588 432 aut
602 394 752 432 alterius
767 393 924 439 cujusvis
938 405 1004 430 coi
1005 405 1116 443 pons
1563 418 1567 421 .

341 452 704 502 QUAERENDUM
717 449 832 486 etiam
846 448 937 497 quid
951 449 1100 494 unioni,
1120 445 1170 484 fiv
1163 458 1191 484 e
1203 446 1442 494 restitutioni,
1462 447 1657 494 obstiterit,
1678 449 1782 496 quod
1798 452 1899 488 mor-

288 504 443 543 tificatio
465 503 693 553 quandoque
717 504 877 540 dicitur:
915 513 956 540 ut
979 514 1067 540 eum
1091 512 1289 552 argentum
1314 503 1442 540 vivum
1464 500 1592 549 resina,
1631 478 1897 550 terebinthina,

289 559 413 606 saliva,
439 569 503 596 aut
520 560 669 607 butyro,
699 557 941 596 interimitur.

345 615 558 655 ULTIMo
578 611 859 660 inquirendum,
888 624 961 660 qua
986 613 1026 649 in
1043 624 1082 649 re
1105 612 1303 649 metallum
1329 611 1537 649 restitutum
1555 623 1573 648 a
1598 613 1758 649 metallo
1782 613 1905 651 crudo

291 668 463 710 differat·
492 678 533 706 ut
547 679 642 706 num
658 668 880 705 renitentius
895 665 936 704 sit
952 667 1103 715 factum,
1134 677 1197 705 aut
1212 678 1358 706 novum
1378 667 1547 704 colorem
1562 664 1810 715 acquisiverit,
1837 679 1901 706 aut

292 722 435 762 similia.

722 905 999 984 Inquifitio
1067 907 1132 963 de
1190 906 1475 986 Magnete..

437 1098 635 1139 AGNES
659 1098 771 1137 trahit
799 1101 991 1152 pulverem
1013 1100 1178 1150 chalybis
1202 1101 1421 1152 praeparati,
1458 1098 1557 1148 quali
1581 1109 1738 1137 utuntur
1757 1100 1803 1138 ad
1826 1113 1907 1139 me·

300 1099 435 1208 M
472 1154 656 1195 dicinam;
696 1156 811 1191 etiam
850 1156 1046 1206 chalybem
1075 1157 1298 1193 calcinatum
1345 1154 1384 1192 in
1412 1151 1676 1192 tenuiffimum
1713 1154 1907 1204 pulverem

299 1215 467 1262 nigrum,
504 1222 619 1259 aeque
643 1209 795 1246 fortiter
820 1223 861 1248 ae
885 1213 1098 1249 limaturam
1120 1210 1207 1248 ferri
1232 1211 1407 1248 crudam:
1435 1221 1590 1247 crocum
1616 1219 1743 1246 autem
1766 1210 1908 1258 martis,

299 1269 366 1317 qui
390 1267 439 1304 est
454 1266 590 1315 rubigo
612 1264 701 1302 ferri
717 1264 926 1313 artificiosa,
954 1266 1124 1303 hebetius
1150 1268 1186 1303 ὅ(
1207 1264 1377 1303 debilius
1435 1266 1474 1302 Si
1495 1276 1587 1302 vero
1617 1265 1760 1302 ferrum
1783 1266 1906 1303 dissol-

299 1332 407 1360 vatur
424 1321 471 1357 rin
495 1332 589 1368 aqua
615 1319 720 1365 forti,
758 1322 795 1356 ὃς
821 1331 947 1370 guttae
972 1323 1115 1369 aliquae
1141 1320 1390 1358 dissolutionis
1416 1330 1607 1369 ponantur
1635 1319 1741 1369 super
1766 1322 1906 1358 vitrum

302 1379 471 1429 planum,
501 1387 581 1412 non
603 1373 755 1411 extrahit
772 1386 924 1424 magnes
940 1376 1094 1423 ferrum,
1124 1388 1193 1412 nee
1208 1375 1319 1412 trahit
1335 1387 1468 1422 aquam
1484 1373 1596 1423 ipsam
1612 1374 1798 1412 ferratam.

357 1432 565 1468 MAGNEs
581 1429 731 1466 scobem
748 1429 849 1466 suam
863 1431 989 1477 trahit,
1018 1430 1340 1478 quemadmodum
1356 1430 1570 1466 limaturam
1586 1429 1695 1465 ferri:
1723 1442 1908 1480 parvaque

305 1485 514 1524 admodum
537 1486 725 1533 magnetis
748 1485 910 1532 frustula,
944 1486 1107 1522 alterum
1135 1486 1298 1521 alterum
1324 1484 1450 1530 trahit,
1491 1495 1530 1521 ut
1555 1483 1705 1532 pensilia
1729 1484 1833 1532 fiant,
1870 1488 1909 1523 ὃ(

304 1540 484 1593 capillata,
513 1538 836 1587 quemadmodum
857 1551 954 1578 acm.

362 1597 493 1633 PONE
509 1603 724 1643 magnetem
742 1595 781 1630 in
796 1595 861 1631 tali
877 1595 1045 1632 distantia
1061 1607 1081 1631 a
1095 1594 1210 1641 ferro,
1239 1605 1280 1632 ut
1295 1606 1376 1631 non
1390 1593 1529 1631 trahat:
1551 1595 1750 1643 interpone
1765 1596 1908 1646 pileum

309 1651 412 1697 ferri,
443 1649 582 1686 servata
597 1648 777 1695 distantia,
807 1652 845 1687 ὃ(
867 1650 1010 1690 trahet3
1038 1648 1174 1688 virtute
1189 1651 1374 1699 magnetis
1388 1649 1605 1699 perferrum
1619 1651 1754 1687 melius
1776 1649 1907 1687 diffusa

305 1717 420 1754 quam
434 1716 500 1756 per
516 1703 685 1740 medium
699 1705 791 1740 a'eris
806 1704 917 1742 solus.

361 1761 570 1797 MAGNES
593 1757 772 1795 immissus
793 1760 891 1797 intra
914 1772 1047 1808 aquam
1062 1760 1217 1806 fortem,
1246 1760 1372 1808 ibique
1387 1771 1452 1808 per
1476 1759 1598 1808 plures
1613 1757 1723 1795 horas
1739 1771 1908 1802 manem,

306 1817 445 1855 virtute
461 1826 542 1850 non
558 1814 754 1850 minuitur.

362 1871 405 1907 M
417 1880 513 1906 AGN
524 1879 570 1905 Es
582 1868 780 1905 fricatione
793 1880 925 1907 contra
941 1882 1108 1920 pannum
1123 1870 1177 1917 <ut
1193 1872 1334 1907 utimur
1347 1871 1386 1906 in
1402 1869 1554 1916 eleeho)
1569 1878 1630 1905 aut
1647 1879 1779 1906 contra
1793 1869 1908 1907 alium

310 1935 547 1973 magnetem3
577 1933 638 1959 aut
653 1923 846 1961 calefaetus
863 1925 906 1962 ad
923 1927 1064 1974 ignem,
1093 1927 1230 1963 virtute
1247 1938 1327 1962 non
1343 1935 1512 1972 augetur.

367 1980 575 2015 MAGNES
598 1979 690 2014 alius
713 1979 789 2015 alio
815 1979 863 2016 est
884 1981 999 2029 longe
1020 1978 1243 2017 virtuosior:
1274 1981 1482 2028 quinetiam
1499 1977 1675 2016 virtutem
1701 1978 1815 2026 suam,
1842 1992 1916 2041 pro

311 2033 433 2070 modo
448 2034 538 2078 ejus,
566 2032 668 2069 ferro
682 2034 821 2070 tastum
837 2035 1077 2072 transmittit:
1106 2036 1310 2081 Viltutem‚
1340 2036 1507 2096 inquam,
1537 2045 1619 2069 non
1634 2032 1756 2070 solum
1773 2034 1911 2071 xertici-

312 2090 409 2134 tatis,
440 2088 500 2124 scd
516 2089 629 2124 ctiam
650 2089 879 2126 attractionis
894 2088 1076 2142 simplicis.
1134 2093 1235 2127 Nam
1253 2088 1276 2126 si
1268 2089 1445 2141 raecipias
1465 2099 1679 2137 magnetem
1696 2089 1912 2130 fortiorem

313 2155 436 2191 coque
458 2142 600 2179 ferrum
623 2141 728 2191 (puta
750 2145 962 2192 cultellum)
988 2154 1135 2194 tangas3
1169 2146 1305 2182 deinde
1332 2157 1390 2180 ma
1393 2155 1505 2193 mete
1529 2144 1713 2179 debiliore
1741 2132 1910 2181 similiter

313 2200 431 2235 alium
451 2198 659 2243 cultellum,
687 2197 828 2235 videbis
851 2200 1045 2236 cultellum
1067 2200 1224 2237 fortiore
1247 2210 1423 2250 magnete
1442 2199 1594 2243 tactum,
1628 2197 1745 2240 majus
1767 2199 1912 2236 trahere

312 2253 461 2303 pondus
476 2251 577 2297 ferri,
606 2263 719 2299 quam
734 2254 797 2300 qui
813 2253 998 2291 debiliore
1011 2256 1127 2292 taetus
1143 2255 1200 2292 est.

370 2308 576 2344 MAGNr-:s
606 2307 650 2343 ad
680 2318 795 2355 aeque
834 2307 967 2346 distans
1001 2309 1146 2347 ferrum
1172 2309 1286 2348 trahit
1315 2322 1381 2362 per
1409 2311 1550 2353 aerem,
1583 2319 1729 2355 aquam,
1767 2309 1916 2355 vinum„¹

315 2363 459 2399 oleum.

371 2417 629 2462 MAGNETE,
658 2427 719 2453 aut
735 2417 884 2466 pulvere
900 2420 988 2465 ejus,
1009 2420 1049 2455 in
1065 2431 1157 2467 aqua
1173 2419 1263 2456 forti
1281 2416 1472 2462 immerso,
1502 2417 1778 2454 nihil-omnino
1792 2417 1912 2455 diss'ol-

315 2470 425 2517 vitur,
455 2470 543 2508 ficut
570 2473 610 2508 in
626 2471 728 2508 ferro
751 2472 811 2513 fin
841 2472 926 2511 licet
947 2486 1100 2524 magnes
1124 2475 1291 2512 videatur
1317 2473 1385 2510 css'e
1400 2485 1535 2522 corpus
1555 2472 1658 2509 ferro
1681 2469 1911 2517 consubstan-

319 2526 418 2563 tiale.
977 2553 981 2558 .
1883 2546 1885 2548 v

375 2581 499 2618 PULv
511 2593 549 2617 IS
569 2580 751 2631 magnetis
767 2582 907 2620 ferrum
922 2584 1102 2621 intactum
1118 2596 1198 2620 non
1214 2582 1339 2630 trahit,
1353 2595 1421 2620 nee
1432 2582 1569 2619 tactum
1586 2583 1719 2619 etiam:
1749 2592 1913 2620 attamen

319 2634 395 2683 ipse
423 2636 542 2685 pulvis
570 2649 589 2673 a
609 2637 710 2673 ferro
729 2637 830 2673 tacto
852 2638 1023 2686 trahitur,
1052 2641 1088 2676 ὅ(
1112 2639 1307 2679 adhaeret3
1345 2639 1389 2675 ab
1416 2638 1558 2674 intacto
1578 2648 1702 2674 autem
1732 2639 1914 2675 minime:

321 2690 417 2726 adeo
437 2698 476 2726 ut
501 2691 619 2738 pulvis
643 2693 827 2740 magnetis
850 2694 1017 2731 videatur
1041 2690 1218 2743 passivam
1241 2695 1420 2731 virtutem
1444 2693 1573 2740 aliquo
1594 2693 1715 2729 modo
1738 2692 1911 2739 retinete,

322 2744 477 2782 activam
497 2755 622 2781 autem
643 2757 722 2782 non
742 2750 916 2785 omnino.

376 2799 505 2835 Acus
530 2798 634 2847 super
657 2801 809 2847 planum
830 2801 957 2852 posita,
986 2816 1080 2863 quae
1096 2813 1271 2853 magnete
1295 2815 1375 2840 non
1395 2802 1553 2840 trahitur
1572 2811 1725 2850 propter
1745 2802 1916 2853 pondus;

324 2854 456 2890 eadem
482 2853 758 2902 superimposita
774 2856 895 2895 fundo
913 2857 999 2896 vitri
1015 2860 1171 2905 clevato,
1201 2868 1242 2896 ut
1266 2860 1444 2906 utrinque
1458 2856 1700 2907 propendeat,
1728 2858 1917 2898 trahetur5

323 2908 428 2956 quod
452 2919 500 2945 eo
515 2911 630 2957 magis
646 2910 762 2946 relatu
787 2911 946 2961 dignum
970 2923 1077 2962 puto,
1106 2915 1192 2962 quia
1211 2913 1425 2958 hujusmodi
1448 2911 1627 2960 quiddam
1646 2911 1793 2948 fortass'e
1815 2924 1917 2949 oem-

323 2961 467 2999 sloncln
495 2964 597 3001 dedit
625 2963 780 3000 frivolae
806 2968 860 3003 illi
889 2966 1103 3014 narrationi,
1144 2969 1247 3017 quod
1273 2968 1418 3005 adamas
1431 2977 1523 3008 rna(⁷
1526 2967 1622 3002 netis
1649 2968 1826 3003 virtutem
1849 2969 1916 3003 im-

324 3017 458 3068 pediat.
515 3019 619 3056 Pone
646 3019 749 3054 enim
779 3031 886 3058 acum
915 3023 1022 3073 super
1052 3023 1289 3060 adamantem
1315 3032 1481 3072 parvum,
1511 3022 1551 3056 in
1580 3021 1680 3057 tabul
1673 3024 1743 3057 lam
1766 3021 1916 3067 rectum,

326 3083 501 3121 magnete
531 3073 720 3123 praesente
751 3073 795 3109 ad
823 3076 957 3112 distans
984 3078 1103 3121 majus
1130 3089 1242 3125 quam
1272 3078 1312 3112 in
1340 3087 1418 3123 quo
1445 3075 1590 3112 trahere
1618 3076 1745 3124 poss'et,
1789 3087 1915 3126 tamen

324 3126 543 3179 trepidabit:
574 3131 637 3167 illa
652 3138 776 3166 autem
791 3130 1002 3180 trepidatiO,
1032 3143 1113 3168 non
1129 3132 1338 3180 prohibitio
1354 3140 1480 3167 motus
1495 3129 1553 3176 cst,
1584 3130 1644 3167 sed
1661 3141 1787 3168 motus
1803 3130 1890 3181 ipse.

1737 3185 1917 3223 JssAGNEs
