1973 3570
740 123 1260 174 INDEX.

544 274 581 308 S.

216 373 289 410 Aba
307 371 432 420 stylita,
714 417 721 423 .
914 378 978 411 155

266 422 456 458 Saccharum
488 429 565 455 cum
596 427 678 466 potu
713 426 979 498 incorporatutgi,

915 477 928 500 1
965 476 976 497 1

153 521 304 557 Saccuius
321 520 364 555 ad
381 517 593 554 stomachum
612 514 889 556 confortandum,
914 513 979 558 163

155 569 354 605 Saeculorum
388 566 537 608 decursu,
563 578 604 600 an
631 563 832 600 animalium
862 564 981 599 decur-

206 628 295 654 tetur
311 628 413 659 aetas,
737 657 739 659 q
916 624 928 647 1
938 610 982 666 36

157 667 216 702 Sal
230 666 407 713 quomodo
424 665 580 706 desiccat,
613 666 689 710 117.
715 661 911 696 Commune
928 672 982 695 ni-

203 726 308 763 grum
323 715 364 750 ad
379 713 677 761 conglaciationern
696 710 799 751 valet,
823 711 900 753 148.
924 708 985 743 Sal

206 764 366 800 alimento
382 763 636 809 incorporatum
656 760 743 795 sumi
761 760 873 802 debet,
916 758 980 792 168

157 813 315 848 Salmones
331 813 401 847 cito
418 810 655 858 grandescunt,
916 819 956 842 12
962 819 982 851 5

159 863 296 897 Saltati'o
311 861 390 896 ofto
409 859 689 901 centenariorum,
917 856 984 901 136

159 910 325 945 Sambueus
343 908 504 950 fistulosa,
918 917 930 941 1
942 917 984 950 14

159 961 296 1006 Sanguis
324 959 429 994 nutrit
456 962 570 993 carnes
587 957 648 992 sub
675 955 712 991 δε
743 954 842 1002 supra
867 966 984 996 venas,

212 1010 290 1044 128.
342 1008 513 1054 Sanguinis
542 1005 779 1053 attemperatio
819 1017 878 1052 per
918 1004 985 1039 cir-

205 1057 348 1099 cuitum,
373 1058 450 1102 149.
477 1051 625 1102 Sanguis,
646 1054 800 1101 irrigatio
811 1054 984 1088 succorum

207 1102 245 1140 δε
279 1106 525 1146 membrorum,
559 1106 635 1150 158.
684 1104 854 1149 Sanguinis
875 1114 985 1150 putre-

207 1155 347 1190 factioni
368 1154 405 1190 δε
421 1154 617 1190 εινείὶιξὶίοηί
631 1165 717 1200 quae
730 1153 875 1191 obstant,
906 1163 984 1198 159.

207 1206 344 1251 Sanguis
361 1203 495 1251 tepidus
524 1202 674 1238 maxime
700 1200 988 1237 consubstantialis

206 1253 344 1301 corpori
373 1253 536 1294 humano,
568 1263 645 1299 172.
696 1252 834 1298 Sanguis
857 1250 986 1285 catulo-

207 1304 285 1337 'rum
305 1301 378 1337 felis
396 1302 428 1336 in
454 1302 511 1336 usu
537 1301 580 1336 ad
611 1300 835 1337 restaurandas
861 1311 986 1338 carnes,

208 1351 287 1387 ibid.
337 1352 475 1397 Sanguis
493 1350 641 1385 membri
659 1349 785 1385 abscissi
810 1348 988 1395 quomodo

211 1396 354 1442 sistatur,
383 1400 462 1435 ibid.
511 1400 685 1445 Sanguinis
701 1398 876 1444 repentina
906 1409 986 1444 pro-

211 1448 329 1490 fluvia,
346 1448 454 1483 subita
469 1459 570 1489 mors,
594 1458 670 1493 175.
723 1448 860 1493 Sanguis
887 1458 984 1481 vena-

210 1509 287 1533 rum
295 1496 448 1543 sanguini
465 1497 662 1531 arteriarum
695 1495 877 1538 ministrat,
909 1505 988 1542 177.

210 1548 383 1593 Sanguinis
399 1545 535 1580 effluxio
552 1545 690 1591 copiosa
707 1545 740 1580 in
757 1545 990 1580 haemorrhoi-

209 1595 311 1631 dibus
359 1595 396 1630 &
428 1594 559 1630 vomitu
595 1594 766 1630 interdum
801 1594 988 1637 mortifera,

211 1644 292 1680 ibid.
342 1645 514 1691 Sanguinis
532 1643 639 1679 miffio
656 1656 699 1678 an
717 1643 759 1678 ad
779 1643 990 1690 longaevita-

212 1704 283 1729 tem
298 1693 438 1735 confert,
463 1703 540 1738 142.
583 1692 800 1745 Infrigidatio
805 1693 991 1739 sanguinis,

814 1745 893 1787 158³
928 1754 991 1789 ¹59

165 1790 314 1827 sanitati
331 1791 500 1839 quaedam
530 1791 707 1828 conferunt
737 1803 823 1839 quae
840 1791 993 1827 officiunt

216 1841 450 1888 longaevitati,
925 1853 993 1886 144

167 1891 334 1936 Sapientia
366 1901 532 1933 veterum,
561 1890 642 1937 346.
693 1891 874 1938 Tanquam
906 1902 992 1925 uvae

217 1939 306 1975 male
323 1939 480 1982 calcatae,
638 1974 640 1977 ,
923 1942 993 1985 384

167 1988 267 2023 Sarae
283 1989 397 2024 unicae
416 1989 584 2025 foeminae
601 1999 689 2024 aetas
708 1999 991 2032 commemorata,

925 2051 936 2073 ι
946 2049 964 2072 2

167 2088 228 2122 Ad
246 2088 506 2135 Sarifhurieiiftm
519 2087 683 2124 comitem
698 2086 839 2134 epistola
850 2050 991 2129 Baconi9,

922 2137 992 2186 346

168 2186 416 2231 Sarfizeparii‘ffae
433 2186 506 2221 usus
525 2185 671 2233 insignis,
924 2199 992 2234 174

168 2235 303 2281 Sartago
326 2235 518 2277 fervefacta,
545 2237 616 2271 usus
641 2235 711 2284 ejus
737 2236 772 2271 in
800 2237 991 2286 311091εὲὶί-

220 2284 276 2325 cis,
678 2319 680 2321 ,
924 2288 988 2334 178

170 2331 326 2379 Saffafras
343 2334 492 2381 lignum,
520 2346 561 2369 ex
577 2346 617 2369 eo
632 2335 756 2378 diaeta,
923 2339 990 2384 1‘74

169 2382 330 2436 Sat->frium
347 2383 463 2419 herba:
491 2396 575 2430 quae
604 2384 646 2420 de
679 2398 718 2420 eo
749 2385 886 2432 vulgata
912 2386 990 2434 opi-

215 2442 287 2470 mo,

169 2479 265 2514 Scala
294 2479 427 2516 humani
452 2485 610 2530 corporis,
643 2496 719 2531 179.
769 2484 862 2520 Scala
892 2484 991 2519 intel-

220 2529 335 2568 leetus,
923 2544 990 2579 342

170 2578 426 2622 Scholastica-um
456 2580 489 2613 δε
522 2581 824 2630 Peripateticorum
843 2580 993 2630 philoso-

218 2626 293 2670 phia
312 2626 413 2668 mala,
925 2643 993 2676 140

171 2676 330 2710 Sciemiae
362 2685 504 2724 propter
535 2678 566 2713 se
599 2680 814 2727 expetendae,
850 2692 918 2716 non
950 2681 994 2716 ad

218 2724 487 2767 ostentationem,
924 2731 991 2765 268

174 2773 298 2816 Sciron,
325 2784 456 2816 ventus,
949 2790 995 2826 3ο

171 2822 291 2863 Scotus,
317 2823 542 2867 scholasticus,
572 2821 727 2861 revixisse
755 2828 830 2877 post
846 2828 994 2877 sepultu-

222 2882 307 2913 ram,
333 2872 492 2915 creditur,
927 2880 992 2926 178

174 2917 288 2955 Locus
318 2921 506 2966 Scripturae
539 2922 582 2958 de
616 2932 795 2960 ventorum
837 2927 995 2964 thesauris

221 2969 414 3017 explicatus,
436 2982 490 3017 39.
518 2973 690 3018 Scriptura
708 2972 796 3009 sacra
820 2972 854 3009 in
871 2977 996 3022 quibus

221 3017 335 3054 differt
364 3032 383 3054 a
411 3021 621 3068 philosophis
649 3022 767 3070 priscis
795 3023 838 3060 de
860 3026 996 3072 origine

219 3078 347 3111 rerum,
926 3085 993 3120 337

1030 221 1150 266 Scyllae
1169 222 1206 256 δεῖ
1223 220 1416 266 Charybdis
1446 219 1559 265 fabula
1591 223 1858 260 mediocritatem

1081 270 1114 304 in
1133 270 1413 305 intellectualibus
1431 280 1563 312 monet,
1789 284 1860 320 379

1030 319 1148 353 Sedare
1167 319 1313 366 spiritus,
1791 334 1858 368 ¹49

1031 368 1158 401 Semina
1177 368 1208 402 in
1227 368 1311 402 cibis
1329 367 1533 409 adhibenda,
1789 372 1856 406 161

1032 416 1297 451 Semicardinales
1326 418 1433 458 venti,
1462 417 1540 463 qui:
1577 417 1634 465 qui
1667 419 1863 462 cardinaks,

1816 478 1833 494 θ

1032 514 1159 556 Seneca,
1193 514 1234 548 de
1267 513 1336 560 ejus
1366 523 1473 550 aetate
1520 516 1665 550 mendax
1711 515 1863 559 historia,

1238 613 1245 619 .
1559 613 1565 618 .
1666 613 1672 619 .
1795 577 1863 612 ¹3⁷

1032 613 1188 655 Sene-aus,
1215 613 1351 647 cicadae
1379 624 1633 660 comparatione
1664 613 1861 655 illustratur,

1085 664 1163 697 180.
1217 662 1255 696 In
1267 662 1427 707 finebiute
1445 661 1532 697 ratio
1549 662 1629 703 cibi,
1661 674 1737 708 151.
1781 663 1866 710 Ejus

1082 710 1320 757 &juventutis
1347 710 1555 752 discrimina,
1588 722 1666 757 179.
1716 713 1865 747 SeneHus

1083 760 1263 807 praecipue
1282 760 1394 806 gravis
1411 759 1635 807 principibus,
1791 773 1864 808 390

1036 808 1127 843 Senis
1143 807 1315 855 cujusdam
1342 821 1429 850 mos,
1455 809 1553 843 edere
1581 809 1617 843 ὅτ
1647 810 1760 846 bibere
1791 811 1866 858 pri-

1087 856 1228 904 usquam
1246 857 1381 893 esuriret
1398 859 1434 892 &
1453 858 1569 899 sitiret,
1795 870 1866 903 140

1038 907 1202 952 Senescunt
1220 907 1420 954 plerumque
1439 908 1583 953 garruli,
1797 920 1865 955 153

1035 958 1148 991 Senum
1165 956 1355 991 stomachos
1373 956 1493 991 fovent
1508 957 1689 999 caniculae,
1708 967 1785 1004 173.
1810 959 1868 992 Se—

1087 1017 1161 1040 num
1188 1005 1358 1047 recreatio,
1398 1005 1599 1047 recordatio,
1632 1018 1709 1052 153.
1760 1007 1802 1042 In
1828 1007 1868 1042 iis

1088 1054 1251 1090 vitiorum
1270 1054 1375 1089 animi
1394 1055 1430 1089 Sc
1441 1054 1594 1102 corporis
1607 1057 1758 1103 petulans
1770 1067 1865 1091 com-

1088 1103 1218 1150 paratio
1236 1103 1405 1148 cujusdam
1426 1104 1531 1146 Galli,
1558 1105 1635 1140 180.
1686 1104 1732 1139 Et
1746 1105 1869 1140 autho-

1089 1152 1133 1187 ris
1151 1153 1232 1188 scria
1250 1153 1287 1188 &
1316 1153 1455 1201 aequior
1486 1165 1565 1188 cum
1590 1152 1771 1201 juventute
1796 1154 1869 1189 col-

1090 1201 1181 1243 latio,
1785 1203 1871 1238 ibid.

1039 1251 1150 1296 Sensus
1177 1251 1281 1286 sedati
1312 1251 1349 1287 ὅτ,
1394 1251 1568 1297 tranquilli
1605 1251 1868 1299 longaevitatem

1089 1301 1444 1347 praenunciant,‘]39.
1470 1301 1591 1346 Sensus,
1618 1314 1659 1335 an
1679 1303 1792 1348 plures
1807 1302 1869 1337 ha—

1089 1350 1170 1384 bent
1179 1349 1338 1384 animalia
1350 1349 1532 1396 quaedam,
1544 1362 1649 1396 quam
1663 1351 1686 1385 ii
1698 1363 1784 1397 quae
1793 1351 1868 1386 vul—

1089 1410 1137 1444 go
1171 1408 1341 1440 notantur,
1385 1409 1467 1446 230.
1513 1398 1606 1443 Sensu
1646 1400 1797 1446 praedita
1830 1400 1869 1434 δε

1077 1447 1169 1492 sensu
1186 1448 1349 1489 carentia,
1376 1447 1454 1483 ibid.
1504 1447 1613 1492 Sensus
1631 1461 1733 1495 purus
1758 1449 1869 1496 magis

1086 1495 1217 1531 confert
1233 1496 1276 1531 ad
1294 1496 1493 1532 felicitatem
1513 1497 1634 1532 mentis
1660 1510 1764 1545 quarn
1780 1498 1870 1533 ima-

1087 1545 1230 1592 ginatio,
1797 1560 1868 1596 399

1040 1594 1221 1629 Sententiae
1278 1595 1322 1631 de
1377 1596 1652 1643 interpretatione
1714 1606 1867 1640 naturae,

1797 1657 1817 1680 2
1823 1647 1873 1692 56

1039 1693 1153 1728 Senum
1169 1705 1282 1728 mores
1299 1706 1377 1729 cum
1398 1693 1548 1729 moribus
1569 1692 1735 1741 juvenum
1751 1696 1868 1731 confe-

1087 1752 1216 1784 runtur,
1249 1744 1325 1779 180.
1377 1745 1469 1777 Senes
1486 1743 1614 1785 edaces,
1801 1746 1870 1780 180

1040 1791 1238 1837 Sepultorum
1277 1806 1295 1828 e
1329 1792 1479 1840 deliquio
1513 1792 1786 1830 reviviscentium
1818 1794 1870 1829 hi-

1090 1841 1222 1884 storiae,
1801 1845 1869 1891 178

1041 1891 1143 1932 Seres,
1171 1890 1335 1926 Indorum
1352 1891 1513 1939 populus,
1542 1891 1717 1938 longaevi,
1801 1905 1870 1939 135

1041 1940 1144 1975 Series
1170 1941 1401 1976 succeffionem
1433 1940 1488 1976 seu
1517 1940 1723 1975 saeculorum
1751 1941 1871 1978 decur-

1090 1989 1140 2025 sus
1157 1990 1240 2025 nihil
1258 1990 1301 2025 ad
1331 1990 1588 2026 diuturnitatem
1619 1990 1870 2027 brevitatemve

1090 2039 1194 2081 vitae,
1690 2052 1703 2074 1
1712 2040 1771 2085 36,
1801 2052 1869 2088 137

1042 2087 1251 2134 Serpentinae
1261 2088 1371 2125 carnis
1386 2088 1566 2131 medicina,
1585 2089 1731 2125 omnino
1741 2089 1870 2132 fabula,

1309 2182 1313 2186 ι
1801 2150 1868 2184 142

1042 2187 1203 2235 Serpentis
1219 2187 1300 2223 sciffi
1318 2197 1429 2236 partes
1445 2199 1504 2222 cur
1523 2197 1735 2231 moveantur,
1784 2191 1870 2237 178,

1801 2241 1868 2274 182

1040 2286 1210 2322 Severinus
1236 2287 1385 2332 (Petrus)
1411 2287 1598 2327 excusatur,
1797 2287 1867 2323 261

1042 2337 1158 2371 Sevum
1173 2337 1406 2379 candelorum,
1798 2348 1868 2383 233

1041 2387 1179 2421 Siccatio
1202 2386 1297 2428 lenis,
1324 2386 1367 2421 ad
1396 2386 1549 2432 corporis
1578 2386 1870 2422 conservationem

1094 2435 1242 2470 multum
1261 2435 1365 2478 valet,
1802 2437 1870 2482 185

1043 2485 1208 2519 Siccitatis
1234 2484 1270 2518 δε
1293 2483 1503 2531 frigiditatis,
1530 2484 1726 2520 decurrente
1749 2495 1870 2528 aetate,

1092 2534 1192 2576 ordo,
1236 2535 1313 2568 180.
1367 2534 1405 2568 In
1428 2534 1635 2576 ficcitatibus
1668 2535 1802 2579 magnis
1833 2547 1871 2570 e-

1093 2586 1224 2630 rumpit
1242 2582 1413 2618 interdum
1431 2595 1472 2618 ex
1488 2583 1591 2618 aridis
1606 2583 1687 2619 locis
1705 2596 1871 2630 aquarum

1094 2632 1160 2674 vis,
1825 2645 1869 2679 39

1044 2682 1161 2717 Sidera
1179 2693 1277 2717 verae
1295 2681 1466 2722 flammae,
1490 2693 1569 2727 3¹4·
1621 2682 1685 2717 Sed
1704 2694 1772 2718 non
1790 2695 1871 2730 qua-

1093 2731 1140 2766 les
1157 2730 1302 2773 nostrae,
1789 2732 1870 2768 ibid.

1044 2780 1162 2826 Sigilla
1179 2780 1391 2825 planetarum
1411 2780 1605 2822 irridentur,
1801 2793 1867 2826 143

1043 2830 1214 2876 sylvarum
1249 2841 1405 2864 murmur
1436 2829 1661 2872 increbrescit,
1687 2838 1869 2877 antequam

1094 2879 1186 2913 venti
1203 2889 1222 2913 a
1247 2878 1414 2927 superiore
1433 2879 1510 2913 loco
1526 2879 1762 2914 descendentes
1791 2891 1870 2927 perm

1093 2927 1279 2974 cipiantur,
1821 2940 1866 2973 41

1045 2977 1210 3023 Simplicia
1224 2975 1397 3019 cordialia,
1429 2987 1507 3020 141.
1558 2976 1743 3012 Stomacho
1760 2977 1870 3016 utilia,

1045 3074 1206 3122 Singultus
1225 3075 1359 3111 lethalis
1373 3074 1600 3111 convulsionis
1615 3073 1749 3122 species,
1803 3028 1869 3122 :5⁵73

1731 3124 1874 3167 Sirenes,
