1973 3570
149 183 249 245 DE
303 182 1151 246 INTERPRETATmN'E
1204 201 1633 254 NATURAE.
1736 208 1831 272 247

78 297 252 334 errorum
278 297 318 334 in
357 294 603 346 philosophiis
630 293 834 332 demolitio
862 297 899 332 &
934 292 1142 342 destruffiQ
1183 292 1206 331 fi
1229 307 1272 333 cx
1296 308 1405 346 Pl'avssl
1428 303 1692 352 complexione

78 354 217 389 inentis
239 352 329 389 novi
350 362 522 388 errorum
543 350 700 397 surculi,
722 352 759 388 ὃς
774 350 923 388 fortasse
943 351 1061 399 magis
1082 351 1286 400 degeneres
1305 355 1570 401 pullulaverint
1586 376 1597 400 ,·
1628 373 1691 398 ne-

79 420 151 455 que
171 408 272 458 prius
294 403 549 453 absistendum,
579 417 692 454 quam
716 407 844 442 omnis
867 405 947 455 spes
972 406 1217 454 praecidatur,
1247 418 1290 444 ex
1311 407 1378 446 usu
1402 411 1559 448 rationis
1587 426 1690 451 coni-

78 465 199 508 muni,
227 471 290 499 aut
306 474 348 497 ex
368 460 528 510 vulgaris
547 463 692 511 logicae
706 458 891 512 praesidiis
912 463 948 498 <Sc
969 459 1122 508 auxiliis,
1151 460 1413 512 philosophiae
1433 465 1689 516 absolvendae,

78 527 141 554 aut
161 517 346 562 majorem
368 517 407 553 in
429 517 589 554 modum
606 514 899 567 amplificandae,
928 527 976 552 nc
994 515 1095 552 forte
1109 528 1255 553 errores
1271 529 1351 555 non
1371 519 1598 569 abjiciamus,
1630 524 1690 561 sed

76 581 347 624 permutemus.
406 572 533 620 Itaque
553 583 634 621 pars
657 569 731 617 ista,
760 583 875 619 quam
890 570 1143 608 destruentem
1161 572 1401 623 appellamus,
1430 576 1547 613 tribus
1568 579 1689 615 redar-

75 626 298 676 gutionibus
322 625 552 667 absolvitur3
581 625 848 676 redargutione
867 625 1218 677 philoibphiarum3
1246 628 1513 677 redargutione
1528 632 1687 671 demon-

75 680 316 723 strationum3
354 684 390 719 δε
416 683 682 731 redargutione
707 683 865 718 rationis
893 680 1078 718 humanae
1101 682 1258 719 nativae.
1314 685 1452 733 Neque
1481 698 1552 723 nos
1574 688 1683 735 fugit,

76 736 212 786 absque
231 745 340 774 ‘tanto
359 747 469 774 motu
485 733 714 774 accessiones
728 749 809 774 non
832 748 960 787 parvas
986 736 1031 772 ad
1060 736 1228 775 scientias
1242 750 1262 774 a
1281 739 1392 776 nobis
1415 740 1493 777 fieri
1513 729 1683 793 potuine,

75 793 190 841 atqu'e
210 792 312 829 aditu
335 792 484 829 fortafl'c
507 793 553 829 ad
582 792 733 829 laudem
758 793 949 829 molliore.
1007 793 1150 830 Verum
1173 804 1245 829 nos
1270 793 1384 832 nescii
1411 797 1564 844 quando
1592 798 1683 838 hacc

73 847 182 885 alicui
195 848 266 884 'alii
289 848 330 884 in
350 858 520 884 mentem
543 858 699 886 ventura
722 845 805 893 fint,
833 846 948 884 fidem
977 847 1141 884 nostram
1162 848 1203 885 in
1222 849 1414 898 integrum
1438 852 1595 890 liberare
1621 856 1682 892 de-

33 943 38 948 ,
73 903 267 940 crevimus.
325 901 409 939 Post
431 914 555 940 arcam
577 904 716 939 mentis
736 911 944 950 aequatam,
975 901 1139 950 sequitur
1161 913 1201 940 ut
1224 915 1332 940 mens
1345 915 1507 955 ponatur
1536 909 1576 945 in
1591 922 1682 947 eon-

72 955 239 995 versione
254 957 366 1004 bona,
396 960 434 995 ὃ(
447 959 563 996 veluti
578 959 619 994 in
634 957 804 1007 adspesstu
817 957 1006 995 benevolo
1021 957 1065 994 ad
1081 969 1122 994 ca
1141 970 1235 1006 quae
1250 971 1517 1009 proponemus,
1577 965 1681 1003 Cum

72 1013 177 1049 enim
203 1013 243 1050 in
269 1025 310 1049 re
338 1025 436 1051 nova
460 1014 579 1050 valeat
608 1013 654 1050 ad
683 1013 966 1065 praejudicium,
1003 1023 1085 1049 non
1109 1011 1232 1051 solum
1260 1020 1548 1066 praeoccupatio
1571 1019 1682 1058 fortis

71 1067 265 1117 opinionis
289 1070 435 1114 veteris,
463 1079 596 1106 verum
621 1069 736 1105 etiam
765 1068 980 1119 praeceptio
995 1065 1065 1104 five
1086 1067 1352 1118 praefiguratio
1374 1071 1467 1109 falso
1491 1073 1555 1119 rei,
1586 1087 1681 1123 quae

71 1121 236 1169 affertur,
262 1125 378 1160 etiam
399 1123 486 1160 huic
505 1124 609 1160 malo
632 1122 843 1160 remedium
869 1122 1126 1159 adhibendum
1149 1123 1210 1169 est,
1238 1134 1350 1171 atque
1370 1138 1478 1163 mens
1499 1140 1580 1166 non
1601 1140 1680 1168 tan—

46 1221 48 1224 ,
69 1187 152 1214 tum
175 1177 411 1224 vindicanda,
442 1178 504 1215 sed
529 1180 566 1215 δε
593 1177 853 1230 praeparanda.
910 1178 961 1213 Ea
985 1179 1216 1226 praeparatio
1241 1179 1337 1216 nihil
1360 1181 1462 1218 aliud
1488 1183 1537 1220 est
1565 1196 1680 1232 quam

69 1242 111 1269 ut
138 1243 245 1269 verae
260 1232 464 1270 habeantur
479 1233 527 1269 de
550 1245 609 1279 eo,
639 1232 744 1281 quod
767 1232 998 1277 adducimus,
1029 1234 1243 1283 opiniones,
1274 1234 1319 1270 ad
1342 1244 1491 1287 tempus
1516 1248 1680 1276 tantum-

68 1287 201 1333 modo,
229 1289 266 1325 &
285 1297 464 1336 tanquam
486 1287 681 1335 usurariae,
710 1287 834 1324 donec
856 1299 914 1324 res
934 1286 1008 1335 ipsa
1029 1287 1281 1336 pernoscatur.
1338 1289 1469 1338 Atque
1485 1292 1615 1330 hocin
1631 1307 1680 1332 co

67 1342 144 1379 fere
171 1340 281 1380 situm
306 1343 365 1389 est,
396 1353 437 1380 ut
465 1354 596 1392 pravae
625 1345 662 1380 δε
689 1340 848 1380 sinistrae
876 1341 1117 1391 suspiciones,
1147 1344 1274 1391 quales
1304 1356 1345 1381 ex
1366 1349 1679 1396 praenotionibus

67 1398 224 1448 receptis
253 1397 383 1444 (veluti
409 1410 452 1435 cx
481 1408 558 1435 atra
582 1398 658 1435 bile
683 1398 843 1446 quadam
868 1398 1087 1447 epidemiea)
1106 1409 1252 1436 mentes
1267 1398 1470 1438 hominum
1498 1402 1679 1442 subituras

66 1452 174 1490 facile
190 1451 424 1500 conjicimus,
454 1463 648 1491 arceantur
671 1463 783 1502 atque
801 1453 1100 1502 intercipiantur,
1130 1454 1234 1501 quod
1259 1454 1309 1491 ait
1333 1456 1422 1493 ille:
1443 1500 1446 1504 4

912 1550 958 1576 ne
1008 1550 1057 1576 na

283 1595 476 1634 Occurrat
487 1593 622 1648 facies
644 1593 816 1641 inimica,
843 1600 962 1647 atque
981 1550 1112 1631 qomm’a
1141 1590 1281 1631 turbet.

65 1675 196 1716 Primo
215 1679 331 1729 igitur
350 1677 377 1716 fi
404 1679 487 1728 quis
511 1680 562 1716 ita
587 1679 744 1728 cogitet,
773 1678 922 1714 occulta
946 1686 1110 1723 naturae,
1140 1678 1256 1714 veluti
1280 1674 1386 1725 signo
1408 1677 1540 1715 divino
1556 1679 1673 1718 clausa

65 1745 231 1781 manere,
269 1744 380 1783 atque
408 1734 454 1771 ab
476 1733 641 1771 humana
669 1733 847 1782 sapientia
869 1731 1071 1769 interdisto
1101 1732 1269 1780 quodam
1295 1732 1463 1780 separari,
1501 1735 1673 1772 dabimus

65 1800 220 1838 operam
245 1799 286 1827 ut
313 1790 403 1826 haec
431 1790 566 1841 opinio
590 1787 738 1825 infirma
760 1798 871 1836 atque
894 1786 1019 1826 invida
1040 1787 1207 1833 tollatur,
1237 1799 1360 1835 eoque
1388 1799 1469 1824 rem
1498 1791 1672 1839 perduce—

64 1856 149 1881 mus
175 1841 331 1896 simplici
355 1845 511 1882 veritate
525 1842 622 1890 freti,
651 1853 692 1880 ut
716 1855 797 1880 non
819 1842 941 1880 solum
962 1854 1009 1879 ne
1031 1854 1103 1890 qua
1118 1843 1280 1879 oblatret
1296 1841 1511 1891 superstitio,
1541 1856 1674 1882 verum

65 1900 180 1938 etiam
202 1909 244 1936 ut
259 1901 395 1948 religio
416 1901 455 1936 in
478 1909 599 1950 partes
614 1899 725 1936 nobis
743 1897 903 1935 accedat.
959 1897 1101 1935 Rursus
1117 1895 1215 1935 sicui
1237 1897 1453 1943 hujuiinodi
1477 1900 1672 1951 quippiam

65 1953 106 1991 in
128 1964 300 1991 mentem
316 1955 440 1992 veniat
460 1955 621 2003 opinari,
650 1965 827 2003 magnam
847 1952 951 1990 illam
967 1956 1003 1990 &
1024 1952 1209 1990 solicitam
1237 1964 1386 1989 moram
1416 1954 1459 1989 in'
1486 1955 1672 2003 experien-

63 2010 126 2055 tia,
156 2011 192 2046 &
213 2008 251 2046 in
268 2010 444 2046 materiae
468 2011 505 2046 &
529 2020 654 2046 rerum
679 2007 958 2060 particularium
981 2009 1103 2054 undis,
1132 2019 1245 2056 quam
1269 2008 1489 2046 hominibus
1509 2009 1673 2060 imponi-

64 2060 159 2111 mus,
188 2074 359 2101 mentem
385 2065 501 2102 veluti
526 2065 568 2101 in
588 2065 787 2101 Tartarum
814 2064 1004 2112 quendam
1029 2061 1261 2100 confusionis
1283 2063 1455 2109 dejicere,
1487 2074 1599 2112 atque
1625 2066 1673 2103 ab

63 2117 256 2156 abstractae
272 2119 470 2171 sapientiae
494 2119 689 2156 serenitate
709 2121 745 2156 ὃ(
773 2120 1056 2167 tranquillitate,
1085 2129 1127 2156 ut
1152 2131 1173 2156 a
1200 2116 1292 2156 statu
1319 2120 1445 2156 multo
1473 2118 1671 2167 diviniore,

62 2172 295 2221 submovere,
324 2173 542 2212 docebimus
568 2184 678 2223 atque
707 2175 746 2211 in
761 2184 996 2224 perpetuum,
1025 2184 1066 2211 ut
1082 2173 1280 2226 speramus,
1309 2173 1545 2220 stabiliemus,
1576 2174 1672 2219 (non

62 2227 138 2266 fine
161 2229 310 2276 rubore,
339 2239 381 2267 ut
402 2229 660 2276 existimamus,
689 2231 816 2266 omnis
839 2229 997 2275 scholae,
1027 2241 1121 2278 quae
1150 2228 1461 2266 meditationibus
1483 2230 1671 2276 inanibus,

63 2293 174 2332 atquc
195 2284 243 2321 ab
261 2286 370 2322 omni
385 2284 534 2322 ess'cntia
548 2281 799 2321 desertissimis
814 2282 1033 2334 apotheosin
1049 2284 1237 2332 quandam
1252 2283 1454 2320 attribuere
1473 2295 1555 2319 non
1572 2296 1671 2321 vere-

63 2340 139 2386 tur)
163 2348 348 2387 quantum
372 2341 470 2378 inter
491 2340 640 2376 divinae
665 2340 804 2375 mentis
828 2339 939 2384 ideaS,
970 2338 1209 2375 &humanae
1231 2338 1369 2373 mentis
1388 2337 1490 2374 idola
1513 2338 1667 2376 interfit.

63 2394 169 2445 Qiin
190 2395 303 2431 etiam
324 2395 409 2441 illis,
439 2395 574 2444 quibus
594 2396 633 2431 in
654 2391 989 2443 contemplationis
1011 2404 1182 2429 amorem
1214 2390 1344 2438 effusis,
1372 2392 1549 2440 frequens
1572 2395 1668 2443 apud

63 2454 134 2486 nos
155 2461 314 2498 opernm
334 2452 482 2487 mentio
510 2450 682 2501 asperum
703 2449 884 2497 quiddam
913 2459 1024 2496 atque
1048 2448 1240 2497 ingratum
1261 2449 1297 2484 ὅ(
1323 2447 1583 2486 mechanicum
1610 2449 1666 2486 so-

63 2513 140 2551 nat,
176 2505 465 2542 monstrabimus
490 2515 674 2553 quantum
703 2503 757 2541 illi
787 2502 970 2541 desideriis
999 2501 1070 2540 suis
1099 2503 1259 2553 propriis
1287 2501 1537 2549 adversentur,
1579 2516 1666 2541 cum

2 2595 8 2597 .
62 2560 201 2608 puritas
226 2560 608 2609 contemplationum,
636 2570 748 2608 atquc
764 2558 979 2596 substructio
1003 2558 1232 2595 &inventio
1254 2569 1413 2608 operum
1438 2558 1586 2606 prorsas
1602 2560 1665 2596 cil'-

63 2613 151 2651 dem
176 2615 285 2652 rebus
311 2616 492 2661 nitantur,
523 2626 566 2651 ac
593 2613 700 2652 fimul
728 2614 978 2664 perficiantur.
1033 2612 1172 2650 Adhuc
1195 2610 1220 2649 fi
1242 2614 1325 2660 quis
1355 2611 1515 2660 haesitet,
1554 2625 1665 2663 atque

63 2666 164 2705 istam
190 2669 429 2707 scientiarum
451 2670 497 2706 ab
521 2671 672 2719 integro
691 2670 1031 2719 regenerationem,
1059 2678 1100 2704 ut
1124 2679 1204 2705 rem
1220 2665 1294 2704 fine
1322 2669 1433 2714 exitu,
1461 2671 1498 2706 &
1519 2669 1664 2715 vastam,

63 2725 103 2760 &¹
122 2722 221 2771 quasi
241 2724 429 2762 infinitam
451 2725 618 2774 accipiat,
646 2725 882 2762 ostendemus
896 2735 978 2761 cam
995 2733 1126 2760 contra
1147 2722 1288 2759 censeri
1302 2722 1437 2761 debere
1456 2726 1584 2773 potius
1612 2737 1664 2760 era

63 2788 194 2816 rorum
216 2780 252 2816 δε
270 2778 443 2817 vastitatis
470 2781 679 2818 terminum
705 2782 741 2817 ὅς
759 2791 889 2818 verum
904 2777 1122 2818 finitorems
1151 2788 1261 2826 atquc
1291 2779 1445 2829 planum
1475 2779 1664 2824 faciemus,

62 2831 345 2881 inquisitionem
365 2846 492 2872 rerum
511 2836 791 2887 particularium
809 2833 933 2876 iustam
952 2835 1166 2884 &.plena1n,
1196 2833 1359 2882 demptis
1381 2834 1596 2878 individuis,
1626 2836 1663 2870 δε

63 2888 238 2938 gradibus
269 2901 410 2930 rerum,
443 2892 481 2927 <Sc
509 2891 777 2928 variationibus
807 2891 974 2935 minutis,
1012 2888 1067 2936 (id
1092 2888 1196 2936 quod
1226 2889 1270 2926 ad
1294 2887 1462 2925 scientias
1487 2887 1569 2924 satis
1598 2886 1658 2933 est)

63 2951 174 2990 atque
196 2943 284 2981 inde
308 2944 442 2982 debito
462 2945 584 2982 modo
605 2946 775 2982 excitatas
800 2946 978 2981 notiones
1001 2940 1070 2980 ssve
1098 2944 1208 2989 ideas,
1238 2955 1318 2980 rem
1339 2943 1408 2980 ess'e
1431 2944 1559 2979 multis
1581 2953 1660 2979 mo-

48 2997 251 3046 -dis-magis
264 2998 423 3046 finitam,
453 3003 490 3037 δε
510 3000 684 3046 habilem,
713 3002 751 3037 «Sc
770 2996 1158 3048 comprehensibilem,
1188 3001 1224 3035 ὃ(
1245 2997 1298 3036 sui
1319 3008 1471 3042 certam,
1501 2999 1537 3033 &
1552 2996 1598 3032 de
1613 3009 1661 3033 eo

63 3051 167 3099 quod
186 3053 400 3092 confestum
418 3055 479 3101 est,
508 3066 619 3104 atquc
647 3067 707 3101 eo,
735 3055 836 3102 quod
868 3051 1034 3103 superest,
1062 3065 1229 3102 gnaram,
1258 3064 1370 3101 quam
1392 3050 1660 3102 speculationes

65 3108 103 3144 &
121 3106 384 3149 meditationes
403 3109 602 3158 abstractas,
631 3121 789 3159 quarum
820 3121 943 3147 revera
965 3108 1088 3145 nullus
1117 3107 1165 3145 cst
1186 3108 1283 3152 finis,
1313 3106 1371 3143 sed
1397 3116 1573 3154 perpetua
1593 3108 1659 3142 cir-

1507 3161 1661 3207 wilario,
