1973 3570
112 199 213 252 344

318 178 1075 230 INSTAURATIONIS
1110 177 1696 225 MAGNAEAPARS
1732 181 1786 226 V.

284 284 323 319 &
337 280 529 319 descensus
547 279 657 318 molli
669 278 767 317 clivo
777 277 916 316 ducens
930 276 974 313 ad
986 285 1118 313 omnes
1132 273 1312 323 prasticas.
1358 276 1485 323 ltaque
1498 273 1697 314 consilium
1710 277 1878 319 nostrum

284 337 346 385 est,
360 348 467 376 verae
481 335 720 386 &legitimae
738 334 785 371 de
809 334 918 370 rebus
933 328 1179 379 inquisitionis
1209 328 1267 378 (ut
1290 329 1328 366 in
1356 329 1521 366 secundo
1543 329 1641 368 libro
1668 332 1877 384 praecepta)

284 393 337 431 ita
351 391 410 430 hic
425 389 646 443 exemplaria
659 400 874 440 proponere
904 388 941 423 &
956 383 1161 423 describere
1183 395 1252 432 pro
1267 383 1441 420 varietate
1465 384 1739 430 subjestorum3
1760 387 1880 438 idque

285 459 329 485 ea
343 447 480 494 forma,
495 458 610 495 quam
625 457 712 482 cum
727 441 879 480 veritate
899 441 1089 479 summum
1108 437 1331 476 consensum
1351 439 1486 475 habere
1505 450 1689 488 putamus,
1713 444 1824 490 atque
1839 452 1881 479 ut

285 502 485 553 probatam
503 503 540 537 &
562 500 718 538 elestatn
732 498 925 535 tradimus.
982 497 1119 543 Neque
1143 504 1270 530 tamen
1287 505 1396 530 more
1411 494 1507 543 apud
1524 493 1696 531 homines
1717 493 1881 546 recepto,

286 556 467 594 omnibus
482 555 589 601 hujus
598 554 785 592 formulae
800 550 960 602 partibus
971 545 1225 587 neceliitatem
1241 550 1429 596 quandam
1444 548 1692 594 attribuimus,
1703 559 1882 602 tanquam

286 611 418 649 unicae
433 609 546 648 essent
562 612 599 648 ὃ(
612 607 854 646 inviolabiles.
911 608 950 644 N
955 616 1050 652 eque
1059 605 1165 641 enim
1178 602 1381 640 hominum
1393 602 1607 640 industriam
1623 606 1657 640 ὃ(
1668 603 1883 642 felicitatem

288 665 404 704 veluti
423 666 469 702 ad
484 666 704 702 columnam
721 661 920 711 alligandas
938 658 1193 697 existimamus.
1249 658 1379 706 Atque
1394 657 1486 695 nihil
1502 655 1634 704 officit,
1664 671 1743 709 quo
1757 657 1884 709 minsis

287 719 326 769 ii,
346 723 411 770 qui
427 722 512 757 otio
530 721 648 768 magis
668 718 871 761 abundant,
895 725 959 754 aut
975 726 995 751 a
1009 709 1298 758 difficultatibus,
1327 725 1415 762 quas
1429 713 1554 762 primo
1568 713 1883 762 experientemse-

288 775 355 824 qui
374 774 515 813 necefl'e
530 771 594 820 est,
617 773 724 809 liberi
739 772 812 816 jam
828 780 950 815 erunt,
966 780 1048 805 rem
1063 766 1307 803 monstratam
1323 769 1363 803 in
1383 770 1508 816 potius
1523 769 1738 817 perducant,
1764 766 1885 821 *Quin

287 839 432 876 contra,
462 838 582 865 artem
597 838 723 866 veram
738 823 948 862 adolescere
968 823 1170 859 statuimus.
1750 820 1754 824 ·
1805 845 1809 853 „

284 992 650 1065 Prodromus,
683 989 801 1069 five
842 987 1254 1067 antictpationes
1293 985 1654 1068 philosophiae
1691 971 1886 1063 stetin-

488 1076 592 1133 dae
620 1099 638 1131 :
698 1072 1111 1152 Irssaumtiom‘s
1139 1075 1395 1153 Magnae
1416 1075 1570 1130 Pars
1594 1073 1665 1128 V.

932 1213 1254 1251 PRAEFATIO.

404 1324 816 1366 XISTIMAMUS
843 1336 932 1362 eum
954 1326 991 1363 ὃς
1017 1324 1176 1360 amantis
1204 1324 1294 1361 civis
1318 1323 1355 1359 δε
1384 1320 1450 1359 viri
1473 1322 1666 1371 prudentis
1689 1321 1887 1371 personam

427 1383 523 1420 bene
543 1380 651 1418 fimul
668 1378 877 1425 sustinuisse,
902 1382 966 1427 qui
994 1381 1243 1427 interrogatus
1265 1390 1312 1414 an
1336 1376 1495 1426 optimas
1514 1379 1614 1425 leges
1644 1376 1715 1414 suis
1745 1374 1887 1416 'civibus

291 1438 456 1485 dediffet,
480 1438 640 1487 optimas
667 1444 766 1471 certe
794 1432 884 1470 dixit
903 1446 945 1470 ex
968 1433 1019 1479 iis,
1049 1444 1138 1480 quas
1163 1431 1216 1468 illi
1241 1430 1424 1480 accepturi
1445 1430 1602 1468 fuissent.
1659 1431 1790 1480 Atque
1812 1444 1887 1469 cer·

291 1504 330 1531 te
345 1494 480 1542 quibus
504 1503 586 1528 non
608 1499 757 1527 tantum
772 1487 869 1524 bene
883 1487 1054 1538 cogitaffe
1074 1485 1221 1524 satis-est
1247 1486 1370 1537 (quod
1397 1498 1477 1522 non
1501 1487 1625 1523 multo
1653 1486 1753 1524 secus
1776 1486 1823 1525 est
1846 1500 1887 1524 ac

289 1549 390 1586 bene
404 1543 617 1595 somniass'e)
637 1542 704 1581 nili
724 1543 921 1580 obtineant
936 1554 1100 1592 quoque,
1117 1544 1154 1578 δε
1169 1554 1250 1579 rem
1264 1542 1309 1578 ad
1325 1540 1502 1578 effectum
1516 1541 1731 1590 perducant,
1747 1543 1791 1579 iis
1805 1535 1888 1581 non

290 1600 595 1652 optimamque,
616 1599 678 1637 sed
698 1596 807 1644 exiis,
831 1610 926 1646 quae
953 1595 1100 1650 probari
1125 1595 1321 1634 verisimile
1349 1594 1412 1643 est,
1442 1592 1631 1645 potissima
1661 1590 1888 1646 quandoque

291 1657 466 1708 eligenda
485 1655 581 1693 sunt.
637 1652 761 1692 Nobis
780 1665 870 1691 vero
887 1652 973 1690 licet
997 1653 1201 1690 humanam
1229 1651 1510 1703 rempublicam,
1530 1652 1687 1700 patriam
1717 1653 1888 1700 commu—

290 1725 395 1759 nem,
417 1711 568 1748 summo
583 1709 852 1760 prosequamur
866 1720 1007 1755 amore,
1034 1718 1161 1744 tamen
1178 1705 1398 1756 legissatoria
1413 1707 1475 1742 illa
1495 1705 1651 1753 ratione,
1677 1709 1711 1743 ὅ(
1741 1703 1888 1749 delestu

291 1766 347 1805 uti
373 1767 536 1804 liberum
556 1778 637 1802 non
657 1765 716 1801 est.
772 1764 911 1811 Neque
934 1764 1038 1800 enim
1063 1763 1160 1811 leges
1175 1761 1379 1798 intellc6iui
1403 1772 1464 1797 aut
1485 1762 1594 1797 rebus
1621 1761 1752 1797 damus
1768 1761 1815 1799 ad
1834 1774 1886 1798 ar—

292 1823 452 1860 bitrium
468 1819 648 1866 nostrum,
672 1819 733 1857 sed
753 1827 933 1865 tanquam
948 1817 1082 1854 scribae
1105 1817 1230 1854 fideles
1257 1817 1302 1853 ab
1330 1814 1437 1866 ipsius
1458 1826 1608 1852 naturae
1624 1828 1716 1853 voce
1738 1817 1826 1853 latas
1849 1818 1887 1856 <Sc

291 1879 451 1927 prolatas
477 1874 679 1925 excipimus
708 1871 1010 1911 &describimus.
1067 1872 1194 1919 Itaque
1218 1869 1288 1909 five
1312 1870 1394 1907 illac
1418 1871 1597 1922 placeant,
1624 1869 1693 1908 sive
1717 1883 1781 1922 per
1809 1871 1886 1921 opi—

289 1934 456 1969 nionum
472 1930 643 1980 suffragia
663 1928 919 1977 antiquentur,
948 1927 1038 1965 fides
1054 1927 1175 1964 nostra
1199 1925 1362 1963 omnino
1391 1926 1611 1963 exsolvenda
1633 1925 1692 1963 est.
1748 1927 1885 1977 Neque

289 1997 420 2024 tamen
441 1985 540 2035 spem
560 1983 772 2031 abjecimus,
795 1982 886 2032 quin
919 1980 989 2020 fint
1017 1992 1129 2030 atque
1149 1984 1363 2019 exoriantur
1387 1981 1483 2031 apud
1509 1980 1673 2032 posteros
1694 1983 1884 2028 nonnulli,

291 2043 357 2091 qui
373 2040 515 2091 optima
534 2051 703 2091 quaeque
722 2050 851 2090 capere
874 2039 910 2075 δε
930 2049 1169 2086 concoquere
1184 2033 1337 2086 possint,
1360 2039 1397 2073 ὃ(
1417 2034 1549 2085 quibus
1575 2048 1616 2072 ea
1644 2036 1819 2085 perlicere
1847 2038 1885 2074 ὃ(

289 2098 416 2134 colere
436 2107 545 2133 curae
568 2096 650 2132 erit.
706 2095 834 2141 Itaque
849 2093 894 2130 ad
918 2094 980 2129 illa
995 2092 1069 2142 ipsa
1090 2094 1256 2139 tendere,
1283 2102 1395 2140 atque
1413 2091 1538 2128 fontes
1551 2103 1675 2127 rerum
1699 2093 1733 2127 ὃ(
1751 2089 1884 2128 utilita-

289 2162 375 2189 tum
390 2149 542 2201 aperire,
569 2152 606 2187 ὃς
625 2149 768 2186 viarum
782 2147 917 2185 indicia
931 2147 1100 2196 undiquc
1123 2146 1347 2195 conquirere
1378 2147 1565 2196 (invocata
1588 2144 1767 2183 Numinis
1797 2148 1882 2195 ope)

289 2218 489 2255 nunquam
503 2206 597 2242 dum
609 2203 649 2242 in
664 2205 755 2241 vivis
771 2204 907 2240 erimus
927 2200 1144 2240 desistemus.
1201 2202 1319 2239 Iidem
1347 2213 1416 2238 nos
1444 2201 1490 2237 de
1518 2212 1576 2246 eo,
1600 2201 1703 2248 quod
1732 2201 1777 2238 ad
1803 2213 1898 2243 om—,

289 2273 355 2299 nes
377 2262 577 2313 pertinere,
598 2261 634 2296 δε
655 2260 695 2296 in
710 2269 916 2295 commune
930 2257 1098 2307 prodeffe
1116 2254 1246 2309 possit,
1262 2255 1408 2303 soliciti,
1430 2257 1522 2292 dum
1549 2255 1595 2292 ad
1628 2257 1772 2301 majora
1795 2267 1885 2293 con·

289 2315 490 2363 tendimus,
509 2317 659 2352 minora
679 2326 760 2351 non
775 2312 1014 2364 aspernamur
1044 2312 1146 2360 (cum
1170 2313 1234 2349 illa
1255 2323 1413 2356 remota,
1442 2310 1530 2347 haec
1558 2321 1680 2360 parata
1709 2309 1777 2347 effe
1793 2311 1885 2348 sole-

290 2369 372 2420 ant)
398 2383 468 2408 nec
494 2369 642 2422 potiora
669 2367 726 2418 (ut
753 2368 989 2416 arbitramur)
1023 2366 1229 2414 afferentes,
1259 2366 1397 2403 idcireo
1431 2363 1612 2403 veteribus
1641 2378 1680 2402 ac
1719 2365 1884 2414 receptis,

289 2425 497 2473 quominus
529 2425 591 2461 illa
618 2424 714 2474 apud
735 2424 919 2475 plurimos
942 2422 1099 2469 valeant,
1127 2420 1413 2461 intercedimus3
1456 2419 1664 2469 quinetiam
1688 2432 1728 2457 ca
1747 2419 1819 2470 ipsa
1848 2423 1886 2458 ὃς

293 2481 396 2516 aucta
411 2483 447 2518 &
467 2480 676 2526 emendata,
696 2481 733 2516 ὃς
753 2480 793 2515 in
813 2478 961 2516 honore
979 2477 1048 2515 ess'e
1070 2478 1254 2526 cupimus,
1309 2478 1447 2524 Neque
1475 2477 1579 2511 enim
1605 2475 1791 2522 homines,
1821 2486 1884 2513 aut

290 2546 426 2571 omnes
440 2545 502 2572 aut
517 2533 693 2580 omnino,
720 2544 781 2571 aut
796 2531 914 2570 statim
935 2545 957 2569 a
973 2531 1123 2583 receptis
1141 2534 1176 2568 δε
1192 2530 1339 2568 creditis
1360 2532 1541 2567 abducere
1559 2541 1753 2566 conamur.
1811 2531 1884 2567 Sed

291 2590 618 2637 quemadmodum
634 2589 762 2638 sagitta
777 2598 838 2626 aut
867 2584 1004 2625 miffile
1026 2586 1143 2624 fertur
1167 2597 1264 2623 certe
1288 2585 1326 2622 in
1354 2585 1531 2635 process'u,
1555 2584 1615 2621 scd
1639 2594 1765 2620 tamen
1791 2585 1886 2622 inte-

291 2643 364 2680 rim
385 2641 643 2681 conversiones
658 2644 734 2682 suas
762 2653 936 2693 perpetua
956 2642 1101 2692 expedit
1124 2640 1399 2691 progrediendo
1420 2642 1456 2677 ὃς
1484 2639 1732 2676 nibilominus
1761 2650 1884 2677 rotan-

291 2699 366 2739 do3
395 2699 446 2735 ita
475 2700 511 2734 &
530 2710 599 2735 nos
613 2699 706 2737 dum
727 2699 773 2736 ad
792 2697 967 2736 ulteriora
995 2696 1168 2746 rapimur,
1191 2698 1231 2732 in
1254 2698 1410 2746 receptis
1445 2697 1480 2732 δε
1509 2692 1668 2743 cognitis
1696 2695 1884 2732 volvimur

291 2756 332 2790 ὅ(
354 2751 665 2791 circumferimur.
721 2753 981 2805 Quamobrem
1008 2764 1078 2789 nos
1110 2763 1263 2801 quoque
1296 2752 1451 2788 rationis
1480 2747 1585 2798 ipsius
1604 2750 1820 2786 communis
1847 2751 1885 2787 ὅ(

291 2807 657 2845 demonstrationum
672 2810 882 2857 vulgarium
906 2805 1095 2858 (abdicato
1122 2808 1209 2844 licet
1234 2805 1395 2858 imperio
1423 2801 1567 2851 earum)
1597 2803 1747 2840 honesta
1770 2815 1885 2855 opera

292 2865 453 2903 utimur3
481 2872 593 2911 atque
616 2874 658 2897 ea
682 2875 775 2910 quae
796 2862 904 2900 nobis
930 2862 1133 2899 secundum
1148 2873 1216 2903 ,eas
1238 2860 1389 2899 inventa
1413 2862 1450 2896 ὅς
1471 2858 1629 2904 judicata
1654 2857 1750 2904 sunt,
1775 2870 1884 2908 quae—

291 2929 366 2966 que
385 2915 591 2968 plurimum
616 2918 653 2953 &
667 2916 829 2954 veritatis
844 2920 880 2955 δε
896 2916 1064 2955 utilitatis
1078 2916 1213 2954 habere
1228 2913 1380 2966 possint,
1405 2912 1481 2966 pari
1507 2924 1594 2950 cum
1624 2915 1774 2950 caeteris
1803 2915 1882 2958 jure

290 2983 560 3024 proponemus.
618 2971 690 3008 Sed
713 2981 841 3008 tamen
861 2984 982 3021 neque
1003 2984 1067 3021 per
1082 2972 1155 3008 hoc
1171 2973 1225 3017 iis,
1248 2983 1340 3022 quae
1356 2969 1402 3006 dc
1423 2968 1577 3004 rationis
1601 2967 1741 3005 nativae
1763 2971 1799 3006 ὃ(
1818 2969 1881 3005 cle-

290 3026 605 3065 monstrationum
618 3035 789 3064 veterum
804 3026 1099 3076 incompetentia
1114 3026 1209 3062 dieta
1237 3025 1333 3071 sunt,
1361 3024 1585 3071 derogatum
1604 3021 1807 3073 quidquam
1830 3022 1882 3060 in-

289 3081 503 3133 telligimus.
559 3081 665 3133 Qin
687 3081 775 3120 haec
789 3082 916 3132 potius
941 3079 1175 3127 adjunximus
1197 3081 1242 3117 ad
1262 3089 1422 3128 tempus,
1446 3080 1481 3114 δε
1511 3079 1550 3114 in
1572 3075 1729 3128 gratiam
1749 3090 1883 3115 eorum

1821 3133 1884 3181 qui
