1973 3570
176 216 700 269 DESCRIPTIO
737 218 966 266 GLOBI
1002 217 1648 278 INTELLECTU·AL.

124 338 205 363 eam
219 324 356 362 scilicet
382 325 475 362 intra
491 324 673 377 triplicem
703 325 805 361 illam
828 324 991 362 nostram
1010 326 1255 375 partitionem
1278 327 1503 376 incudinum,
1527 344 1613 369 cum
1636 346 1716 373 non

122 382 271 432 proprie
291 379 331 418 fit
346 378 507 427 historia,
529 380 589 416 led
605 382 702 416 inter
717 378 902 417 historiam
920 383 956 417 ὅ(
977 380 1266 433 philosophiam,
1292 382 1406 421 veluti
1433 388 1614 425 terminus
1640 401 1715 426 nie-

121 437 215 472 dius.
265 435 353 488 jam
368 448 459 474 vero
472 436 519 473 de
532 433 679 473 historia
692 435 908 473 coelestium
937 438 974 472 &
1002 434 1174 486 deinceps
1192 437 1239 474 de
1255 437 1404 490 reliquis
1424 439 1590 478 dicemus
1607 455 1715 493 atque

121 489 399 540 praecipiemus.

744 638 786 683 C
819 639 863 682 A
899 635 957 686 P..
1022 638 1080 687 Vc

123 759 385 827 Refitmitur
424 760 666 811 traficmda
691 759 874 824 historia
895 759 1160 824 coelestium3
1212 764 1356 830 qualis
1381 762 1442 814 &3⁹
1465 765 1540 830 effe
1563 768 1714 816 debeat

185 835 233 880 in
253 851 427 899 genere,
453 830 514 881 &⁹
556 832 671 899 quod
689 832 887 899 legitima
910 830 1079 898 hujzgsce
1102 831 1307 897 historiae
1330 836 1548 885 ordinatio
1573 843 1713 902 τεφ-

185 915 266 950 tur
289 906 336 950 in
361 903 536 968 triplici
549 921 711 968 genere
729 914 1062 967 praeceptorum
1081 923 1094 961 3
1131 905 1336 952 videlicet
1351 905 1401 952 de
1410 907 1519 971 fine,
1543 909 1595 957 de
1613 928 1711 957 ma-

190 977 310 1020 teria
332 991 383 1021 ac
406 974 458 1021 de
482 973 600 1021 modo
621 972 900 1037 conficiendae
916 972 1024 1038 huju
1044 974 1160 1022 modi
1183 973 1396 1038 historiae.

245 1099 563 1138 ISTORIAM
591 1098 802 1136 coelestium
822 1098 1024 1151 simplicem
1054 1101 1122 1137 effe
1150 1102 1337 1148 volumus,
1373 1116 1442 1141 nee
1469 1104 1711 1154 dogmatibus

264 1155 468 1195 inibutam3
499 1154 558 1191 sed
573 1153 687 1191 veluti
710 1154 878 1206 suspenla
911 1157 947 1192 vi
982 1157 1019 1192 δε
1049 1154 1216 1192 doarina
1245 1156 1476 1195 theoriarum
1491 1178 1505 1203 ,ς
1543 1173 1711 1210 quaeque

115 1210 361 1248 rolummodo
389 1209 649 1261 phaenomena
676 1207 750 1260 ipsa
782 1207 919 1247 fineera
949 1211 1219 1259 complestatur
1247 1212 1284 1246 δί
1316 1211 1484 1262 separata,
1513 1227 1606 1263 quae
1635 1218 1710 1261 jam

115 1265 355 1314 dogmatibus
373 1265 449 1300 sere
465 1273 737 1301 concreverunt
752 1276 762 1304 3
793 1264 957 1313 denique
979 1277 1071 1313 quae
1087 1264 1317 1302 narrationes
1332 1278 1531 1318 proponat,
1548 1282 1595 1306 eo
1604 1283 1709 1320 pror-

115 1319 174 1356 sus
190 1319 310 1356 modo
329 1331 369 1355 ae
392 1317 415 1355 fi
431 1319 526 1355 nihil
542 1331 584 1356 cx
604 1318 743 1356 artibus
759 1317 1011 1356 astronomiae
1027 1322 1064 1356 δε
1086 1319 1303 1369 astrologiae
1317 1322 1509 1360 decretum
1525 1325 1622 1372 esset,
1648 1326 1710 1363 sed

114 1375 367 1426 experimenta
386 1383 534 1411 tantum
559 1376 596 1411 &
624 1373 901 1412 observationes
932 1375 1053 1412 existe
1075 1375 1231 1411 eolledh
1262 1378 1299 1412 &
1321 1377 1510 1427 perspicue
1530 1379 1708 1429 descripta

113 1429 253 1466 forent.
310 1431 352 1466 ln
372 1441 451 1477 quo
468 1441 604 1478 genere
625 1428 795 1466 historiae
811 1429 903 1466 nihil
925 1430 1044 1467 adhuc
1067 1428 1264 1476 invenitur,
1293 1432 1398 1479 quod
1415 1434 1543 1470 nostro
1559 1434 1707 1484 respon-

115 1484 200 1521 deat
226 1494 332 1522 vot0.
387 1484 614 1530 Hujusmodi
656 1484 835 1531 quiddam
873 1485 1145 1521 tantummodo
1171 1483 1304 1522 curfim
1337 1488 1553 1526 &licenter
1588 1489 1707 1539 attigit

116 1538 237 1576 Caius
250 1536 437 1576 Plinius:
458 1538 518 1575 sed
535 1540 681 1590 optima
695 1538 793 1576 foret
809 1551 851 1576 ea
867 1538 1010 1576 historia
1024 1538 1250 1586 coelestium,
1261 1552 1354 1588 quae
1370 1554 1412 1578 ex
1429 1540 1653 1582 Ptolemaeo
1670 1548 1707 1583 ὃς

114 1593 318 1646 Cepernico
332 1596 370 1631 ὅ(
384 1593 616 1630 doelioribus
630 1593 875 1632 astronomiae
892 1593 1130 1645 scriptoribus
1146 1594 1299 1645 exprimi
1319 1598 1354 1632 ὅ(
1371 1596 1447 1633 erui
1461 1595 1586 1647 pollit,
1614 1595 1639 1636 fi
1654 1613 1708 1637 ar-

113 1661 192 1686 tem
212 1650 468 1698 experimento
488 1650 596 1698 plane
624 1647 766 1700 spolies,
782 1649 960 1695 adjunctis
980 1648 1091 1686 etiam
1108 1649 1360 1688 recentiorum
1379 1652 1706 1692 observationibus·

113 1705 229 1756 Quod
249 1702 348 1741 ficui
363 1705 501 1741 mirum
523 1704 702 1750 videatur,
731 1716 801 1740 nos
816 1714 926 1741 tanto
949 1704 1077 1741 labore
1109 1715 1220 1754 parta,
1249 1706 1362 1751 auita,
1393 1709 1601 1755 emendata,
1630 1722 1708 1747 rur-

114 1759 170 1796 sus
187 1759 235 1796 ad
248 1760 410 1808 primam
424 1756 662 1810 imperitiam,
688 1761 724 1795 &
746 1759 932 1796 nudarum
961 1759 1267 1796 observationum
1296 1759 1567 1810 fimplicitatem
1596 1775 1706 1802 retra-

114 1813 202 1851 here
221 1814 341 1851 vellc:
383 1825 453 1850 nos
478 1814 686 1850 veronulla
710 1826 798 1851 cum
826 1816 995 1865 priorum
1022 1814 1263 1852 inventorum
1293 1817 1439 1863 jactura,
1469 1827 1595 1856 tamen
1624 1821 1707 1857 lon-

114 1881 160 1917 ge
174 1869 293 1914 majus
306 1879 399 1917 opus
423 1879 644 1909 movemus3
686 1881 808 1917 neque
834 1868 936 1906 enim
970 1870 1131 1906 calculos
1154 1880 1215 1906 aut
1247 1870 1517 1921 praediffloncs
1551 1884 1703 1912 tantum

114 1922 352 1969 meditamur,
378 1922 436 1960 sed
461 1923 758 1975 philosophiam3
795 1936 877 1960 eam
903 1923 1036 1961 seilicet
1052 1936 1150 1974 equae
1170 1925 1217 1961 de
1246 1925 1476 1974 superiorum
1500 1940 1706 1978 corporum

113 1990 196 2015 non
216 1989 327 2015 motu
342 1977 598 2024 solummodo,
624 1979 771 2029 ejusque
792 1978 964 2027 periodis,
988 1979 1045 2016 sed
1063 1978 1253 2016 lubstantia
1269 1993 1421 2029 quoque
1450 1984 1485 2017 &
1513 1983 1704 2021 omnimo-

113 2033 161 2070 da
180 2034 369 2080 qualitate,
391 2030 582 2084 potestate,
602 2043 711 2084 atque
738 2033 892 2079 influxu,
925 2033 1157 2071 intelleesmm
1187 2035 1394 2072 humanum
1423 2036 1626 2075 informare
1655 2039 1705 2076 se-

115 2087 284 2131 cundum
316 2089 479 2124 rationes
516 2089 699 2126 naturales
722 2099 833 2136 atque
861 2087 1094 2135 indubitatas,
1117 2089 1252 2137 absque
1275 2089 1521 2129 traditionum
1544 2093 1704 2145 supersti—

112 2144 222 2180 tione
238 2144 272 2179 &
288 2143 436 2180 levitate
450 2140 584 2192 posfit3
611 2154 723 2191 atquc
747 2143 868 2181 rursus
883 2145 923 2180 in
952 2154 1062 2181 motu
1085 2144 1165 2192 ipso
1189 2146 1358 2182 invenire
1385 2157 1494 2194 atque
1511 2148 1702 2197 explicare,

112 2209 195 2235 non
210 2197 300 2246 quid
315 2199 585 2247 Phaenomenis
600 2196 641 2235 fit
661 2198 970 2245 consentaneum,
998 2198 1058 2236 sed
1087 2199 1178 2246 quid
1198 2198 1237 2236 in
1266 2210 1396 2237 natura
1425 2204 1572 2250 penitus
1587 2215 1706 2252 reper-

113 2262 198 2290 tum
212 2263 323 2301 atque
337 2253 418 2290 astu
435 2255 469 2289 ὃς
491 2253 605 2302 reipsa
619 2265 750 2290 verum
766 2253 817 2290 fit.
875 2254 994 2291 Facile
1009 2264 1132 2291 autem
1154 2256 1235 2302 quis
1262 2265 1401 2302 cernat,
1426 2259 1462 2292 ὅ(
1478 2269 1542 2293 eos
1569 2259 1705 2305 quibus

113 2317 249 2344 terram
269 2307 383 2344 rotari
402 2310 535 2359 placet,
560 2311 596 2345 &
612 2320 676 2345 eos
695 2318 827 2345 contra
843 2307 906 2356 qui
920 2310 1087 2357 primum
1103 2308 1256 2355 mobile,
1282 2311 1319 2345 ὃ(
1333 2320 1495 2347 veterem
1519 2313 1704 2349 construc-

114 2360 262 2399 tionem
292 2372 505 2410 tenuerunt,
542 2375 657 2414 aequa
698 2363 776 2400 fere
810 2365 846 2399 &
885 2362 1038 2414 ancipiti
1070 2362 1423 2411 phaenomenorum
1456 2365 1704 2405 advocatione

112 2416 193 2454 niti.
248 2418 354 2469 Qun
376 2420 411 2454 ὅ(
426 2419 491 2455 ille
515 2430 635 2455 novae
655 2417 936 2455 construclionis
964 2417 1086 2454 nostra
1109 2427 1227 2454 aetate
1245 2418 1392 2464 author,
1421 2419 1486 2468 qui
1511 2421 1630 2458 solem
1653 2422 1704 2459 se-

111 2470 225 2508 cundi
247 2471 411 2518 mobilis,
433 2473 755 2520 quemadmodum
772 2483 907 2509 terram
923 2473 1035 2521 primi
1052 2470 1201 2508 mobilis
1228 2483 1402 2510 centrum
1430 2476 1632 2522 constituit,
1663 2489 1703 2515 ut

112 2527 282 2576 planetae
297 2528 336 2563 in
357 2529 517 2578 propriis
532 2527 602 2564 suis
617 2525 922 2565 conversionibus
936 2528 1032 2564 eirca
1047 2526 1163 2563 solem
1181 2527 1332 2565 choreas
1354 2528 1488 2566 ducere
1509 2532 1704 2569 videantur

115 2581 233 2629 (quod
259 2594 302 2618 ex
322 2580 591 2628 antiquioribus
615 2584 793 2619 nonnulli
822 2583 867 2618 de
894 2581 1038 2620 Venere
1059 2583 1094 2618 &
1111 2579 1307 2619 Mercurio
1330 2582 1497 2632 suspicati
1513 2585 1647 2635 sunt3)
1678 2586 1704 2624 fi

113 2637 277 2685 cogitata
291 2637 336 2673 ad
352 2635 489 2673 exitum
505 2637 737 2686 perduxisset,
767 2638 863 2674 belle
878 2637 1048 2686 profesto
1077 2648 1155 2673 rem
1171 2637 1353 2674 conficere
1370 2638 1524 2687 potuiss‘e
1547 2640 1702 2679 videtur.

113 2692 250 2740 Neque
270 2703 361 2727 vero
376 2691 484 2728 nobis
499 2692 656 2729 dubium
674 2691 733 2740 est,
754 2695 847 2741 quin
871 2695 907 2728 &
932 2690 1023 2728 aliae
1046 2691 1260 2736 hujusmodi
1280 2693 1570 2732 construdiones
1597 2698 1699 2745 inge-

112 2744 180 2783 nio
201 2748 239 2783 &
267 2745 586 2796 aericogitatione
604 2746 811 2785 adinveniri
843 2742 996 2796 poffint.
1055 2748 1190 2797 Neque
1211 2748 1283 2784 illis
1310 2746 1373 2796 qui
1394 2749 1455 2785 ista
1482 2762 1702 2802 proponunt

88 2801 321 2838 ‘admodum
341 2803 470 2850 placet,
489 2801 589 2847 hacc,
619 2814 712 2849 quae
731 2802 933 2847 adducunt,
955 2801 1103 2850 prorsus
1127 2813 1211 2838 vera
1240 2802 1319 2848 effe,
1350 2803 1410 2840 sed
1430 2805 1702 2842 tantummodo

113 2856 160 2892 ad
191 2857 495 2905 computationes
514 2857 550 2892 ὃς
574 2856 716 2893 tabulas
743 2855 990 2894 conficiendas
1017 2857 1222 2893 commode
1251 2856 1440 2909 supposita.
1498 2860 1552 2895 At
1581 2858 1701 2895 nostra

113 2911 209 2947 ratio
222 2912 298 2946 alio
313 2911 471 2961 [peciam
509 2922 590 2947 non
615 2909 717 2947 enim
738 2911 1059 2953 concinnationes,
1087 2923 1181 2959 quae
1205 2914 1325 2949 variae
1354 2913 1421 2950 ess'e
1449 2914 1607 2963 poliunt,
1639 2913 1700 2950 sed

113 2966 306 3002 veritatem
322 2963 374 3001 rei
387 2965 606 3013 quaerimus,
622 2978 714 3013 quae
729 2963 878 3017 simplex
903 2965 960 3001 est.
1016 2966 1080 3002 Ad
1101 2966 1174 3002 hoc
1193 2979 1282 3004 vero
1310 2967 1455 3005 historia
1477 2969 1700 3018 phaenome-

115 3030 253 3056 norum
276 3017 411 3056 fincera
447 3019 543 3058 viam
570 3019 738 3069 aperiret,
763 3020 896 3057 infesta
927 3020 1105 3069 dogmate
1131 3021 1302 3058 obstruet.
1360 3024 1495 3068 Neque
1524 3023 1614 3058 illud
1649 3034 1699 3059 ta-

113 3085 252 3119 cemus,
281 3085 352 3110 nos
370 3074 408 3111 in
441 3075 508 3113 hac
541 3074 614 3125 ipla
647 3074 793 3112 historia
818 3073 1045 3120 coelestium,
1075 3076 1119 3112 ad
1149 3089 1325 3112 normam
1357 3077 1517 3112 nostram
1543 3077 1634 3113 facia
1662 3080 1700 3113 ὃς

112 3127 295 3177 congesta,
319 3127 418 3177 spem
436 3141 500 3178 per
526 3129 560 3167 se
582 3142 724 3181 ponere
738 3129 898 3169 veritatis
912 3129 1003 3167 circa
1020 3129 1188 3168 eoelestia
1204 3131 1471 3171 inveniendam
1502 3131 1560 3168 sed
1577 3133 1702 3168 multo

1585 3197 1701 3234 magis

1793 234 1890 296 593
