1973 3570
91 239 183 285 268

619 235 1074 283 COGITATA
1128 238 1228 285 ET
1276 240 1454 286 VISA

254 337 321 375 tias
340 334 527 384 conjicere
540 339 726 377 solerent:
756 353 849 389 quae
865 353 952 378 cum
981 344 1018 378 ὃς
1033 352 1159 378 rerum
1174 338 1413 377 inventarum
1435 336 1792 398 nudamfimulaelira,
1814 343 1852 378 ὃ(

255 404 383 430 rerum
398 406 479 430 non
492 393 729 432 inventarum
750 395 939 433 manifesta
959 394 1070 444 spatia
1091 397 1251 432 &vacua
1275 394 1496 438 indicarent,
1513 404 1636 451 minus
1648 395 1848 455 tal-lebants

256 457 366 495 atque
381 447 582 485 hominum
598 451 749 498 ingenia
767 452 803 486 &
819 451 1084 487 meditationes
1097 449 1143 486 ad
1169 449 1412 494 judicandum
1441 450 1476 484 δε
1507 449 1559 508 ad
1579 450 1850 507 inveniendum

255 500 365 539 fimul
381 504 599 540 excitabant.
655 505 711 542 At
727 517 827 542 nunc
844 504 1011 542 scientias
1031 504 1072 540 iis
1099 502 1223 540 modis
1239 503 1403 539 exhiberi
1426 504 1492 561 qui
1512 506 1627 539 iidem
1659 507 1847 566 usurpent,

254 569 336 594 non
361 557 544 602 judicium
560 558 758 605 solicitent‚
784 562 820 596 δε
836 560 1060 597 authoritate
1076 558 1164 595 tristi
1184 559 1287 594 laetis
1303 557 1567 615 inventionum
1583 559 1779 615 conatibus
1794 572 1847 596 in-

253 611 445 649 tercedant
463 627 470 648 :
499 613 594 650 adeo
608 624 650 650 ut
665 613 790 651 omnis
805 611 983 651 succeffio
999 617 1035 650 δ(
1049 614 1245 650 devolutio
1268 611 1555 661 disciplinarum,
1576 617 1749 659 perloiias
1771 626 1847 650 ma-

253 664 349 715 gistri
365 668 400 702 &
416 667 593 704 auditoris
608 669 889 720 complefftatuig
905 681 985 706 non
1001 670 1209 706 inventoris
1229 670 1263 703 ὅ(
1280 668 1357 712 ejus
1369 668 1433 726 qui
1450 668 1611 703 inventis
1626 666 1734 703 addat
1752 681 1759 702 :
1782 681 1847 727 uii-

254 720 302 757 de
317 720 516 758 necessario
532 722 690 769 evenire,
715 733 756 760 ut
780 722 949 761 scientiae
978 723 1050 760 suis
1082 723 1254 760 haereant
1283 721 1448 780 vestigiis
1475 733 1544 779 nee
1575 722 1664 756 loco
1686 733 1848 780 omnino
1887 774 1889 776 q

251 785 487 812 moveantur.
536 777 652 827 Quod
668 779 704 813 δε
720 779 912 825 permulta
933 780 1006 822 jam
1024 776 1161 814 saecula
1178 776 1243 812 usu
1261 787 1374 821 venit,
1391 779 1554 823 conique
1570 785 1610 810 ut
1628 788 1706 811 iioii
1724 778 1848 814 lolum

253 828 402 865 ass‘ertio
416 840 565 866 mancat
580 830 738 877 affertio,
758 831 820 867 sed
837 831 948 868 etiam
963 830 1124 881 quaestio
1139 841 1286 867 maneat
1311 830 1476 877 quaestio
1512 833 1547 866 ὃς
1576 830 1711 891 eodem
1735 834 1847 882 plane

253 883 345 919 statu
359 883 488 920 alatur.
542 886 668 936 Quare
692 885 812 923 visum
842 885 889 922 est
917 887 964 932 ei,
987 887 1182 922 columnas
1210 897 1291 921 non
1321 886 1415 920 ultra
1448 885 1711 934 progrediendi
1735 898 1847 946 ‘niag—

251 948 393 988 nopere
413 937 499 974 fixas
515 938 585 975 effe
600 941 637 975 δί
651 937 751 989 quasi
766 940 905 986 fatales,
935 943 972 977 &
987 939 1127 976 mirum
1143 938 1303 976 minime
1320 939 1389 975 effe
1408 940 1445 974 id
1467 941 1565 975 haud
1581 939 1757 987 obtineri,
1786 953 1845 979 cu-

250 991 308 1037 jus
328 989 551 1041 adipiscendi
564 993 741 1030 homines
756 1007 825 1031 nec
847 994 907 1044 spe
927 1007 998 1032 nec
1014 992 1194 1031 desiderio
1209 1004 1420 1053 teneantur.
1507 1046 1513 1052 Ι

308 1045 591 1085 COGITAVIT
621 1050 658 1085 ὃς
686 1047 799 1090 illud;
829 1062 922 1098 quae
945 1051 991 1087 de
1007 1050 1214 1087 hominum
1232 1060 1315 1086 tum
1338 1049 1603 1109 deiperatione,
1635 1058 1715 1086 tum
1742 1049 1844 1110 fastu,

248 1099 347 1137 dieta
361 1099 458 1148 sunt,
475 1103 580 1150 quod
600 1103 646 1140 ad
661 1103 859 1154 plerosque
879 1103 1113 1142 scientiarum
1124 1104 1319 1142 sectatores
1335 1104 1482 1148 attinet,
1508 1107 1621 1164 nimis
1645 1106 1717 1157 alte
1731 1116 1847 1166 petita

250 1153 343 1195 effe;
362 1156 512 1193 turbam
527 1159 632 1194 enim
644 1159 759 1208 longe
770 1160 975 1197 maximam
984 1159 1134 1212 prorsus
1146 1159 1247 1197 aliud
1262 1170 1382 1208 agere.
1426 1158 1651 1195 Dmstnnam
1666 1157 1848 1210 siquidem

251 1210 312 1246 vel
326 1210 445 1246 animi
461 1213 498 1248 ὅ(
509 1212 766 1250 ἀεΙεᾶαῑίοηῐε
780 1214 886 1252 causa
897 1225 1036 1265 petere,
1065 1216 1123 1252 vel
1138 1215 1185 1252 ad
1199 1213 1307 1252 usum
1327 1215 1364 1250 &
1391 1214 1697 1274 emolumentum
1710 1215 1847 1263 profes-

249 1263 404 1311 sorium,
420 1266 479 1303 vel
502 1268 617 1304 etiam
630 1268 677 1305 ad
691 1279 960 1307 ornamentum
977 1272 1014 1307 ὅ(
1033 1268 1311 1307 existimationis
1330 1268 1413 1306 suae
1432 1267 1727 1330 adminiculum?
1751 1281 1847 1319 quae

250 1315 278 1354 fi
306 1318 446 1356 utfinis
476 1319 714 1359 scientiarum
747 1335 1019 1375 proponantur,
1044 1334 1194 1362 tantum
1212 1322 1307 1361 abest
1332 1333 1372 1360 ut
1394 1323 1570 1360 homines
1598 1325 1636 1360 id
1651 1325 1779 1371 velint,
1799 1335 1843 1385 iit

250 1370 327 1421 ipsa
341 1373 598 1413 doctrinarum
617 1377 727 1415 massa
756 1389 1003 1428 augmentum
1033 1380 1165 1426 sumat,
1186 1388 1227 1416 iit
1247 1390 1289 1414 ex
1304 1389 1346 1438 ea
1369 1389 1462 1426 quae
1481 1376 1623 1426 praesto
1651 1379 1700 1414 est
1720 1381 1844 1428 massa,

251 1428 308 1464 nil
323 1428 481 1479 amplius
494 1442 685 1479 quaerant,
708 1445 823 1480 quam
843 1444 1029 1481 quantum
1054 1434 1100 1470 ad
1131 1433 1238 1471 usum
1261 1432 1481 1492 destinatum
1507 1441 1648 1492 vertere
1674 1435 1711 1469 ὃς
1733 1433 1844 1472 deco-

249 1493 364 1530 quere
378 1480 503 1531 poflit.
561 1487 599 1522 Si
614 1487 698 1533 quis
712 1496 838 1523 autem
859 1489 900 1524 in
915 1497 1018 1526 tanta
1046 1487 1290 1525 multitudine
1305 1488 1495 1547 scientiam
1516 1488 1648 1524 aflectu
1674 1499 1844 1550 ingenuo

249 1537 288 1572 &
303 1547 459 1588 propter
474 1537 511 1575 se
525 1549 683 1589 expetat,
705 1538 919 1579 invenietur
934 1553 1061 1580 tamen
1076 1555 1202 1582 rerum
1217 1542 1340 1595 potius
1357 1551 1571 1601 varietatem
1587 1555 1699 1603 quani
1716 1555 1842 1584 verita-

250 1599 331 1627 tem
344 1595 530 1641 aucupari.
587 1595 703 1645 Quod
727 1594 754 1632 fi
783 1598 820 1633 &
855 1596 1018 1635 veritatis
1049 1596 1091 1635 fit
1114 1597 1308 1648 inquifitoi·
1342 1598 1501 1656 severior
1530 1599 1685 1659 illa-ipra
1713 1608 1842 1659 tamen

249 1646 383 1683 veritas
403 1645 473 1683 erit
488 1647 718 1696 hujusmodi,
754 1663 848 1700 quae
874 1664 932 1689 res
956 1653 1030 1699 jam
1062 1655 1102 1690 in
1131 1656 1255 1692 lucem
1283 1653 1451 1712 proditas
1477 1653 1644 1714 lubtiliius
1673 1655 1840 1705 explicet,

248 1711 331 1737 non
352 1712 447 1749 quae
461 1713 603 1741 novam
622 1705 749 1742 lucem
764 1708 909 1744 excitet.
967 1707 1032 1745 Sin
1061 1708 1180 1746 adhuc
1208 1709 1367 1746 studium
1395 1710 1599 1758 cuiuipiam
1628 1719 1838 1769 initantum

248 1755 487 1804 expandatur,
504 1767 544 1795 ut
561 1760 753 1797 &novam
769 1761 896 1799 lucem
910 1763 1052 1800 ambiat
1069 1777 1076 1799 :
1107 1776 1190 1800 eam
1214 1763 1351 1801 scilieet
1380 1765 1505 1800 lucem
1522 1763 1727 1824 adamabit,
1744 1777 1839 1813 quae

245 1821 290 1845 cx
311 1810 528 1859 longinquo
546 1816 887 1865 contemplationes
913 1816 1089 1867 speciosas
1113 1819 1282 1865 ostentet,
1315 1830 1396 1855 non
1430 1831 1524 1866 quae
1552 1830 1594 1854 ex
1621 1830 1839 1872 propinquo

245 1876 362 1914 opera
379 1867 415 1902 ὅ(
430 1866 582 1904 inventa
596 1869 742 1906 nobilia
760 1870 1003 1908 demonstret.
1059 1875 1184 1926 Qiare
1205 1874 1325 1912 visum
1340 1873 1388 1910 est
1404 1872 1448 1919 ei,
1473 1874 1609 1910 eodem
1630 1882 1838 1937 ruriusre-

248 1917 351 1965 ferri,
368 1918 504 1957 scilicet
524 1924 664 1959 mirum
680 1936 761 1961 non
776 1926 906 1973 utique
921 1927 1001 1973 ess'e,
1017 1930 1247 1967 curriculum
1269 1941 1350 1966 non
1373 1928 1520 1977 confici,
1550 1941 1637 1965 cum
1662 1930 1836 1973 homines

246 1972 293 2009 ad
319 1972 534 2019 hujusmodi
563 1976 711 2015 minora
734 1979 958 2018 defleetant:
997 1983 1123 2020 multo
1163 1984 1278 2033 magis
1317 1996 1405 2020 cum
1435 1996 1505 2021 nce
1536 1985 1611 2034 ipsa
1641 1995 1739 2021 meta
1773 1992 1836 2028 ad-

241 2026 316 2064 huc
356 2028 434 2074 ulli,
463 2032 567 2079 quod
592 2031 690 2079 sciat,
720 2036 942 2072 mortalium
973 2035 1089 2085 posita
1115 2036 1157 2075 fit
1181 2042 1217 2077 ὅ(
1240 2040 1366 2077 defixa.
1425 2041 1572 2082 Metam
1599 2049 1724 2077 autem
1752 2057 1835 2085 non

241 2082 355 2119 aliam
370 2083 451 2131 esse,
471 2097 585 2136 quam
605 2098 646 2125 ut
662 2100 782 2137 genus
801 2089 1012 2128 humanum
1027 2092 1134 2132 novis
1154 2095 1329 2145 operibus
1345 2097 1381 2131 ὅ(
1396 2098 1631 2145 potestatibus
1646 2101 1835 2140 continuo

240 2135 406 2175 dotetur.

293 2192 399 2230 Coc
412 2203 544 2232 Iravi
557 2207 581 2233 T
604 2195 642 2232 δε
657 2197 775 2239 illud3
805 2200 903 2237 inter
918 2201 979 2238 ista
999 2202 1237 2242 scientiarum
1252 2207 1492 2257 detrimenta,
1508 2216 1682 2252 naturalis
1707 2215 1830 2265 philo-

234 2244 386 2295 sophiae
410 2246 564 2298 sortem,
584 2262 668 2300 prae
688 2252 865 2291 omnibus
880 2257 1006 2293 minus
1021 2270 1177 2307 aequam
1200 2261 1289 2299 effe:
1319 2275 1361 2301 ut
1390 2278 1483 2314 quae
1511 2280 1531 2304 a
1554 2271 1744 2310 laboribus
1764 2273 1831 2311 ho-

239 2301 391 2339 minum
417 2303 547 2341 leviter
569 2317 759 2356 occupata,
785 2307 890 2347 facile
919 2311 1072 2360 deserta,
1110 2327 1180 2352 nee
1208 2319 1392 2363 majorem
1415 2321 1454 2359 in
1482 2326 1642 2362 moduni
1667 2330 1765 2366 culta
1792 2333 1830 2368 &

239 2353 382 2393 subacta
401 2355 453 2394 fit.
511 2360 711 2408 Postquam
734 2362 836 2399 enim
859 2365 947 2402 fides
965 2368 1171 2407 Christiana
1198 2372 1358 2412 adolevit
1388 2379 1424 2413 ὃ(
1452 2391 1596 2428 recepta
1625 2382 1683 2429 cst,
1714 2386 1829 2435 longe

239 2409 441 2448 maximam
477 2414 720 2463 ingeniorum
748 2429 892 2467 partem
925 2422 970 2458 ad
993 2416 1225 2473 theologiam
1254 2427 1289 2464 sc
1317 2433 1525 2480 contulisse,
1553 2435 1830 2488 hominumque

240 2474 283 2499 cx
298 2463 365 2501 hac
390 2476 493 2515 parte
507 2467 626 2507 studio
651 2472 687 2507 ὃς
707 2470 929 2524 amplissima
950 2480 1114 2526 praemia
1129 2480 1325 2530 proposita,
1355 2488 1391 2523 δ(
1407 2487 1530 2525 omnis
1553 2491 1697 2538 generis
1726 2495 1829 2540 adju—

239 2528 369 2555 menta
391 2520 637 2570 copiosiffinie
670 2525 938 2567 subministrata
959 2532 1038 2568 esse.
1095 2533 1199 2586 Quin
1221 2539 1256 2573 ὅ(
1286 2550 1377 2576 aevo
1406 2541 1593 2592 superiore
1621 2544 1827 2594 potissimas

237 2571 553 2625 philosophorum
569 2584 913 2621 commentationes
927 2584 965 2622 in
981 2587 1114 2624 morali
1127 2589 1361 2642 philosophia
1383 2594 1494 2645 (quae
1514 2598 1666 2637 ethnicis
1691 2614 1826 2652 magna

238 2637 282 2662 ex
297 2636 400 2676 parte
418 2629 495 2667 vice
514 2632 731 2684 theologiae
758 2636 851 2686 erat)
879 2640 1117 2693 consumptas
1132 2644 1200 2682 ess'c
1211 2663 1225 2688 ,-
1255 2649 1420 2697 utrisque
1440 2662 1565 2689 autem
1594 2659 1826 2705 temporibus

237 2678 382 2718 summa
412 2684 559 2732 ingenia
574 2688 672 2726 haud
692 2688 919 2742 infrequenti
941 2707 1104 2734 numero
1132 2700 1176 2736 ad
1206 2713 1263 2738 res
1285 2702 1408 2741 civiles
1438 2705 1473 2743 se
1494 2707 1693 2757 applicasse,
1722 2724 1824 2763 prae-

236 2734 363 2772 sertim
378 2737 534 2775 durante
549 2745 810 2792 magnitudine
826 2746 1015 2797 Romana,
1035 2764 1128 2802 quae
1158 2754 1208 2791 ob
1225 2757 1374 2806 imperii
1397 2762 1688 2809 amplitudinem
1712 2767 1823 2816 pluri-

235 2800 389 2826 morum
413 2794 535 2841 operis
555 2796 756 2846 indigebat.
812 2803 905 2840 Eam
926 2805 1042 2854 ipsam
1057 2819 1148 2845 vero
1162 2820 1334 2858 aetatem,
1359 2826 1431 2861 qua
1459 2817 1634 2854 naturalis
1661 2820 1821 2868 philoso-

234 2842 320 2891 phia
335 2846 431 2894 apud
446 2846 612 2886 Graecos
626 2856 787 2892 maxime
803 2856 937 2895 florere
952 2860 1024 2897 visa
1040 2860 1099 2907 est,
1134 2863 1235 2902 fuiss'e
1261 2866 1479 2917 particulam
1504 2876 1685 2922 temporis
1711 2878 1821 2914 inini-

235 2910 298 2934 me
312 2897 546 2938 diuturnam:
577 2916 617 2941 ac
636 2906 790 2946 subinde
805 2913 1160 2954 contradictionibus
1187 2932 1228 2956 ac
1243 2933 1433 2958 novorum
1447 2925 1677 2973 placitorum
1703 2933 1821 2969 ambi-

232 2953 339 2990 tione
355 2960 618 3006 corruptam&
639 2961 810 3021 inutilem
843 2967 1038 3007 redditam.
1094 2971 1158 3009 Ab
1187 2975 1260 3011 illis
1289 2985 1414 3012 autem
1442 2978 1556 3030 utque
1590 2984 1822 3034 temporibus

232 3017 431 3066 neminem
446 3011 593 3062 prorsus
607 3025 806 3065 nominari,
828 3033 891 3070 qui
914 3026 1121 3062 naturalem
1144 3027 1418 3080 philosophiam
1447 3044 1489 3069 ex
1518 3035 1681 3082 profesto
1705 3041 1818 3088 colat,
