<?xml version="1.0" encoding="UTF-8"?>
<!DOCTYPE html PUBLIC "-//W3C//DTD XHTML 1.0 Transitional//EN"
    "http://www.w3.org/TR/xhtml1/DTD/xhtml1-transitional.dtd">
<html xmlns="http://www.w3.org/1999/xhtml" xml:lang="en" lang="en">
 <head>
  <title>
</title>
<meta http-equiv="Content-Type" content="text/html;charset=utf-8" />
  <meta name='ocr-system' content='tesseract 3.04.00' />
  <meta name='ocr-capabilities' content='ocr_page ocr_carea ocr_par ocr_line ocrx_word'/>
</head>
<body>
  <div class='ocr_page' id='page_1' title='image "./worksoffrancisba02baco_0382.png"; bbox 0 0 1973 3570; ppageno 0'>
   <div class='ocr_carea' id='block_1_1' title="bbox 63 169 185 239">
    <p class='ocr_par' dir='ltr' id='par_1_1' title="bbox 63 169 185 239">
     <span class='ocr_line' id='line_1_1' title="bbox 63 169 185 239; baseline -0.033 -22"><span class='ocrx_word' id='word_1_1' title='bbox 63 169 185 239; x_wconf 54' lang='lat'>368</span> 
     </span>
    </p>
   </div>
   <div class='ocr_carea' id='block_1_2' title="bbox 448 159 1648 212">
    <p class='ocr_par' dir='ltr' id='par_1_2' title="bbox 448 159 1648 212">
     <span class='ocr_line' id='line_1_2' title="bbox 448 159 1648 212; baseline -0.005 0"><span class='ocrx_word' id='word_1_2' title='bbox 448 163 582 212; x_wconf 47' lang='lat' dir='ltr'>*DE</span> <span class='ocrx_word' id='word_1_3' title='bbox 630 160 1144 209; x_wconf 59' lang='lat' dir='ltr'>SAPIENTIA</span> <span class='ocrx_word' id='word_1_4' title='bbox 1190 159 1648 208; x_wconf 54' lang='lat' dir='ltr'>VETERUM,</span> 
     </span>
    </p>
   </div>
   <div class='ocr_carea' id='block_1_3' title="bbox 273 257 1868 369">
    <p class='ocr_par' dir='ltr' id='par_1_3' title="bbox 273 257 1868 369">
     <span class='ocr_line' id='line_1_3' title="bbox 273 257 1868 309; baseline -0.002 -9"><span class='ocrx_word' id='word_1_5' title='bbox 273 263 310 300; x_wconf 70' lang='grc' dir='ltr'>ὃ(</span> <span class='ocrx_word' id='word_1_6' title='bbox 330 261 575 300; x_wconf 83' lang='lat' dir='ltr'>exterminare</span> <span class='ocrx_word' id='word_1_7' title='bbox 598 263 789 298; x_wconf 85' lang='lat' dir='ltr'>nituntur:</span> <span class='ocrx_word' id='word_1_8' title='bbox 819 260 1068 297; x_wconf 86' lang='lat' dir='ltr'>incenduntur</span> <span class='ocrx_word' id='word_1_9' title='bbox 1083 259 1229 297; x_wconf 79' lang='lat' dir='ltr'>fortasse</span> <span class='ocrx_word' id='word_1_10' title='bbox 1250 262 1296 297; x_wconf 88' lang='lat' dir='ltr'>ad</span> <span class='ocrx_word' id='word_1_11' title='bbox 1319 261 1393 298; x_wconf 87' lang='lat' dir='ltr'>hoe</span> <span class='ocrx_word' id='word_1_12' title='bbox 1416 259 1535 309; x_wconf 90' lang='lat' dir='ltr'>ipsum</span> <span class='ocrx_word' id='word_1_13' title='bbox 1561 272 1582 297; x_wconf 91' lang='lat' dir='ltr'>a</span> <span class='ocrx_word' id='word_1_14' title='bbox 1611 257 1800 301; x_wconf 51' lang='lat' dir='ltr'>‘Pallada</span> <span class='ocrx_word' id='word_1_15' title='bbox 1829 259 1868 297; x_wconf 84' lang='lat' dir='ltr'>id</span> 
     </span>
     <span class='ocr_line' id='line_1_4' title="bbox 273 311 1868 369; baseline -0.003 -14"><span class='ocrx_word' id='word_1_16' title='bbox 273 318 333 364; x_wconf 84' lang='lat' dir='ltr'>est,</span> <span class='ocrx_word' id='word_1_17' title='bbox 360 316 553 369; x_wconf 88' lang='lat' dir='ltr'>prudentia</span> <span class='ocrx_word' id='word_1_18' title='bbox 567 317 724 368; x_wconf 87' lang='lat' dir='ltr'>quadam</span> <span class='ocrx_word' id='word_1_19' title='bbox 753 317 825 352; x_wconf 86' lang='lat' dir='ltr'>acri</span> <span class='ocrx_word' id='word_1_20' title='bbox 853 318 888 352; x_wconf 67' lang='lat' dir='ltr'>&lt;Sc</span> <span class='ocrx_word' id='word_1_21' title='bbox 919 314 1042 359; x_wconf 88' lang='lat' dir='ltr'>judicii</span> <span class='ocrx_word' id='word_1_22' title='bbox 1067 314 1267 360; x_wconf 79' lang='lat' dir='ltr'>severitate,</span> <span class='ocrx_word' id='word_1_23' title='bbox 1295 327 1455 363; x_wconf 88' lang='lat' dir='ltr'>quarum</span> <span class='ocrx_word' id='word_1_24' title='bbox 1473 313 1602 363; x_wconf 83' lang='lat' dir='ltr'>vigore</span> <span class='ocrx_word' id='word_1_25' title='bbox 1632 316 1668 352; x_wconf 85' lang='lat'>&amp;</span> <span class='ocrx_word' id='word_1_26' title='bbox 1698 311 1868 362; x_wconf 70' lang='lat' dir='ltr'>efficacia,</span> 
     </span>
    </p>
   </div>
   <div class='ocr_carea' id='block_1_4' title="bbox 254 368 1867 418">
    <p class='ocr_par' dir='ltr' id='par_1_4' title="bbox 254 368 1867 418">
     <span class='ocr_line' id='line_1_5' title="bbox 254 368 1867 418; baseline -0.002 -8"><span class='ocrx_word' id='word_1_27' title='bbox 254 402 256 404; x_wconf 28' lang='lat' dir='ltr'>v</span> <span class='ocrx_word' id='word_1_28' title='bbox 274 371 487 417; x_wconf 89' lang='lat' dir='ltr'>hujusmodi</span> <span class='ocrx_word' id='word_1_29' title='bbox 515 383 682 408; x_wconf 85' lang='lat' dir='ltr'>errorum</span> <span class='ocrx_word' id='word_1_30' title='bbox 710 370 867 406; x_wconf 78' lang='lat' dir='ltr'>fallacias</span> <span class='ocrx_word' id='word_1_31' title='bbox 884 372 919 406; x_wconf 74' lang='grc' dir='ltr'>δε</span> <span class='ocrx_word' id='word_1_32' title='bbox 935 380 1152 406; x_wconf 84' lang='lat' dir='ltr'>commenta</span> <span class='ocrx_word' id='word_1_33' title='bbox 1175 369 1320 418; x_wconf 87' lang='lat' dir='ltr'>penitus</span> <span class='ocrx_word' id='word_1_34' title='bbox 1347 368 1629 418; x_wconf 87' lang='lat' dir='ltr'>introspiciunt:</span> <span class='ocrx_word' id='word_1_35' title='bbox 1659 371 1695 404; x_wconf 73' lang='grc' dir='ltr'>ὅ(</span> <span class='ocrx_word' id='word_1_36' title='bbox 1714 370 1760 405; x_wconf 89' lang='lat' dir='ltr'>ab</span> <span class='ocrx_word' id='word_1_37' title='bbox 1776 368 1867 406; x_wconf 85' lang='lat' dir='ltr'>odio</span> 
     </span>
    </p>
   </div>
   <div class='ocr_carea' id='block_1_5' title="bbox 274 423 1883 1621">
    <p class='ocr_par' dir='ltr' id='par_1_5' title="bbox 274 423 1883 1621">
     <span class='ocr_line' id='line_1_6' title="bbox 274 423 1863 477; baseline -0.003 -13"><span class='ocrx_word' id='word_1_38' title='bbox 274 425 455 477; x_wconf 86' lang='lat' dir='ltr'>pravitatis</span> <span class='ocrx_word' id='word_1_39' title='bbox 475 425 513 462; x_wconf 71' lang='grc' dir='ltr'>δε</span> <span class='ocrx_word' id='word_1_40' title='bbox 542 427 626 462; x_wconf 91' lang='lat' dir='ltr'>zelo</span> <span class='ocrx_word' id='word_1_41' title='bbox 656 426 782 465; x_wconf 79' lang='lat' dir='ltr'>bono3</span> <span class='ocrx_word' id='word_1_42' title='bbox 813 427 849 460; x_wconf 84' lang='lat'>&amp;</span> <span class='ocrx_word' id='word_1_43' title='bbox 868 425 913 460; x_wconf 90' lang='lat' dir='ltr'>ad</span> <span class='ocrx_word' id='word_1_44' title='bbox 932 434 1078 475; x_wconf 82' lang='lat' dir='ltr'>tempus</span> <span class='ocrx_word' id='word_1_45' title='bbox 1100 424 1177 460; x_wconf 89' lang='lat' dir='ltr'>sere</span> <span class='ocrx_word' id='word_1_46' title='bbox 1209 436 1386 473; x_wconf 80' lang='lat' dir='ltr'>magnam</span> <span class='ocrx_word' id='word_1_47' title='bbox 1414 425 1575 472; x_wconf 84' lang='lat' dir='ltr'>gloriam</span> <span class='ocrx_word' id='word_1_48' title='bbox 1600 423 1863 472; x_wconf 88' lang='lat' dir='ltr'>adipiscuntur,</span> 
     </span>
     <span class='ocr_line' id='line_1_7' title="bbox 275 476 1872 533; baseline -0.003 -14"><span class='ocrx_word' id='word_1_49' title='bbox 275 491 386 533; x_wconf 87' lang='lat' dir='ltr'>atquc</span> <span class='ocrx_word' id='word_1_50' title='bbox 404 482 550 529; x_wconf 84' lang='lat' dir='ltr'>avulgo</span> <span class='ocrx_word' id='word_1_51' title='bbox 577 478 648 525; x_wconf 91' lang='lat' dir='ltr'>(cui</span> <span class='ocrx_word' id='word_1_52' title='bbox 662 480 757 516; x_wconf 89' lang='lat' dir='ltr'>nihil</span> <span class='ocrx_word' id='word_1_53' title='bbox 774 479 1024 524; x_wconf 84' lang='lat' dir='ltr'>moderarum,</span> <span class='ocrx_word' id='word_1_54' title='bbox 1053 489 1200 527; x_wconf 81' lang='lat' dir='ltr'>gratum</span> <span class='ocrx_word' id='word_1_55' title='bbox 1225 479 1291 515; x_wconf 76' lang='lat' dir='ltr'>ess&#39;e</span> <span class='ocrx_word' id='word_1_56' title='bbox 1308 478 1437 528; x_wconf 85' lang='lat' dir='ltr'>potest)</span> <span class='ocrx_word' id='word_1_57' title='bbox 1467 488 1508 515; x_wconf 90' lang='lat' dir='ltr'>ut</span> <span class='ocrx_word' id='word_1_58' title='bbox 1528 477 1628 515; x_wconf 87' lang='lat' dir='ltr'>unici</span> <span class='ocrx_word' id='word_1_59' title='bbox 1646 476 1804 515; x_wconf 82' lang='lat' dir='ltr'>veritatis</span> <span class='ocrx_word' id='word_1_60' title='bbox 1834 480 1872 515; x_wconf 78' lang='grc' dir='ltr'>ὅτ.</span> 
     </span>
     <span class='ocr_line' id='line_1_8' title="bbox 277 531 1873 585; baseline -0.002 -13"><span class='ocrx_word' id='word_1_61' title='bbox 277 534 465 585; x_wconf 76' lang='lat' dir='ltr'>religionis</span> <span class='ocrx_word' id='word_1_62' title='bbox 480 533 643 571; x_wconf 88' lang='lat' dir='ltr'>vindices</span> <span class='ocrx_word' id='word_1_63' title='bbox 668 535 768 580; x_wconf 88' lang='lat' dir='ltr'>(cum</span> <span class='ocrx_word' id='word_1_64' title='bbox 797 536 926 571; x_wconf 86' lang='lat' dir='ltr'>caeteri</span> <span class='ocrx_word' id='word_1_65' title='bbox 957 532 1071 582; x_wconf 87' lang='lat' dir='ltr'>tepidi</span> <span class='ocrx_word' id='word_1_66' title='bbox 1097 534 1292 570; x_wconf 83' lang='lat' dir='ltr'>videantur</span> <span class='ocrx_word' id='word_1_67' title='bbox 1321 536 1356 570; x_wconf 69' lang='grc' dir='ltr'>ὃ(</span> <span class='ocrx_word' id='word_1_68' title='bbox 1379 531 1609 580; x_wconf 59' lang='lat' dir='ltr'>meticulosi)</span> <span class='ocrx_word' id='word_1_69' title='bbox 1641 533 1873 569; x_wconf 74' lang='lat' dir='ltr'>celebrantur</span> 
     </span>
     <span class='ocr_line' id='line_1_9' title="bbox 277 585 1872 637; baseline -0.003 -10"><span class='ocrx_word' id='word_1_70' title='bbox 277 593 314 627; x_wconf 73' lang='grc' dir='ltr'>δε</span> <span class='ocrx_word' id='word_1_71' title='bbox 332 591 405 627; x_wconf 88' lang='lat' dir='ltr'>fere</span> <span class='ocrx_word' id='word_1_72' title='bbox 421 590 632 627; x_wconf 86' lang='lat' dir='ltr'>adorantur.</span> <span class='ocrx_word' id='word_1_73' title='bbox 689 589 887 626; x_wconf 89' lang='lat' dir='ltr'>Attamem</span> <span class='ocrx_word' id='word_1_74' title='bbox 912 588 1001 625; x_wconf 88' lang='lat' dir='ltr'>haec</span> <span class='ocrx_word' id='word_1_75' title='bbox 1023 587 1140 637; x_wconf 84' lang='lat' dir='ltr'>gloria</span> <span class='ocrx_word' id='word_1_76' title='bbox 1160 590 1196 624; x_wconf 72' lang='grc' dir='ltr'>δε</span> <span class='ocrx_word' id='word_1_77' title='bbox 1220 586 1371 625; x_wconf 76' lang='lat' dir='ltr'>felicitas</span> <span class='ocrx_word' id='word_1_78' title='bbox 1391 599 1474 624; x_wconf 84' lang='lat' dir='ltr'>raro</span> <span class='ocrx_word' id='word_1_79' title='bbox 1501 587 1547 625; x_wconf 86' lang='lat' dir='ltr'>ad</span> <span class='ocrx_word' id='word_1_80' title='bbox 1576 585 1872 631; x_wconf 43' lang='lat' dir='ltr'>exitumsslurat:</span> 
     </span>
     <span class='ocr_line' id='line_1_10' title="bbox 277 640 1875 690; baseline -0.003 -8"><span class='ocrx_word' id='word_1_81' title='bbox 277 645 339 682; x_wconf 87' lang='lat' dir='ltr'>sed</span> <span class='ocrx_word' id='word_1_82' title='bbox 359 643 482 682; x_wconf 90' lang='lat' dir='ltr'>omnis</span> <span class='ocrx_word' id='word_1_83' title='bbox 498 645 574 681; x_wconf 87' lang='lat' dir='ltr'>fere</span> <span class='ocrx_word' id='word_1_84' title='bbox 589 643 777 689; x_wconf 87' lang='lat' dir='ltr'>violentia,</span> <span class='ocrx_word' id='word_1_85' title='bbox 808 642 874 679; x_wconf 85' lang='lat' dir='ltr'>nifi</span> <span class='ocrx_word' id='word_1_86' title='bbox 897 654 1021 680; x_wconf 88' lang='lat' dir='ltr'>morte</span> <span class='ocrx_word' id='word_1_87' title='bbox 1051 644 1159 679; x_wconf 88' lang='lat' dir='ltr'>celeri</span> <span class='ocrx_word' id='word_1_88' title='bbox 1181 640 1441 680; x_wconf 86' lang='lat' dir='ltr'>vieiffitudines</span> <span class='ocrx_word' id='word_1_89' title='bbox 1470 654 1595 678; x_wconf 90' lang='lat' dir='ltr'>rerum</span> <span class='ocrx_word' id='word_1_90' title='bbox 1616 640 1779 690; x_wconf 85' lang='lat' dir='ltr'>effugiat,</span> <span class='ocrx_word' id='word_1_91' title='bbox 1808 640 1875 677; x_wconf 90' lang='lat' dir='ltr'>sub</span> 
     </span>
     <span class='ocr_line' id='line_1_11' title="bbox 278 694 1874 750; baseline -0.003 -14"><span class='ocrx_word' id='word_1_92' title='bbox 278 700 395 736; x_wconf 85' lang='lat' dir='ltr'>finem</span> <span class='ocrx_word' id='word_1_93' title='bbox 423 697 651 750; x_wconf 86' lang='lat' dir='ltr'>improspera</span> <span class='ocrx_word' id='word_1_94' title='bbox 674 697 732 734; x_wconf 89' lang='lat' dir='ltr'>est.</span> <span class='ocrx_word' id='word_1_95' title='bbox 789 698 905 749; x_wconf 73' lang='lat' dir='ltr'>Quod</span> <span class='ocrx_word' id='word_1_96' title='bbox 920 696 943 733; x_wconf 83' lang='lat' dir='ltr'>fi</span> <span class='ocrx_word' id='word_1_97' title='bbox 960 699 1115 743; x_wconf 80' lang='lat' dir='ltr'>eveniat,</span> <span class='ocrx_word' id='word_1_98' title='bbox 1145 708 1186 734; x_wconf 91' lang='lat' dir='ltr'>ut</span> <span class='ocrx_word' id='word_1_99' title='bbox 1202 710 1327 734; x_wconf 90' lang='lat' dir='ltr'>rerum</span> <span class='ocrx_word' id='word_1_100' title='bbox 1347 695 1598 733; x_wconf 79' lang='lat' dir='ltr'>commutatio</span> <span class='ocrx_word' id='word_1_101' title='bbox 1617 695 1692 742; x_wconf 83' lang='lat' dir='ltr'>fiat,</span> <span class='ocrx_word' id='word_1_102' title='bbox 1722 698 1758 732; x_wconf 75' lang='grc' dir='ltr'>ὃ(</span> <span class='ocrx_word' id='word_1_103' title='bbox 1781 694 1874 732; x_wconf 62' lang='lat' dir='ltr'>festa</span> 
     </span>
     <span class='ocr_line' id='line_1_12' title="bbox 280 748 1874 803; baseline -0.003 -13"><span class='ocrx_word' id='word_1_104' title='bbox 280 753 343 791; x_wconf 92' lang='lat' dir='ltr'>illa</span> <span class='ocrx_word' id='word_1_105' title='bbox 357 753 555 803; x_wconf 87' lang='lat' dir='ltr'>proscripta</span> <span class='ocrx_word' id='word_1_106' title='bbox 580 752 617 788; x_wconf 73' lang='grc' dir='ltr'>δε</span> <span class='ocrx_word' id='word_1_107' title='bbox 644 751 805 800; x_wconf 72' lang='lat' dir='ltr'>depressa</span> <span class='ocrx_word' id='word_1_108' title='bbox 822 753 917 788; x_wconf 87' lang='lat' dir='ltr'>vires</span> <span class='ocrx_word' id='word_1_109' title='bbox 940 751 1102 799; x_wconf 83' lang='lat' dir='ltr'>acquirat</span> <span class='ocrx_word' id='word_1_110' title='bbox 1119 754 1154 788; x_wconf 87' lang='lat'>&amp;</span> <span class='ocrx_word' id='word_1_111' title='bbox 1168 751 1343 801; x_wconf 75' lang='lat' dir='ltr'>insurgat,</span> <span class='ocrx_word' id='word_1_112' title='bbox 1372 761 1455 788; x_wconf 89' lang='lat' dir='ltr'>tum</span> <span class='ocrx_word' id='word_1_113' title='bbox 1470 763 1560 788; x_wconf 89' lang='lat' dir='ltr'>vero</span> <span class='ocrx_word' id='word_1_114' title='bbox 1575 748 1789 797; x_wconf 82' lang='lat' dir='ltr'>hujusmodi</span> <span class='ocrx_word' id='word_1_115' title='bbox 1807 749 1874 787; x_wconf 91' lang='lat' dir='ltr'>ho·</span> 
     </span>
     <span class='ocr_line' id='line_1_13' title="bbox 278 805 1875 854; baseline -0.002 -10"><span class='ocrx_word' id='word_1_116' title='bbox 278 810 429 844; x_wconf 89' lang='lat' dir='ltr'>minum</span> <span class='ocrx_word' id='word_1_117' title='bbox 454 808 525 843; x_wconf 91' lang='lat' dir='ltr'>zeli</span> <span class='ocrx_word' id='word_1_118' title='bbox 554 809 590 843; x_wconf 70' lang='grc' dir='ltr'>ὃς</span> <span class='ocrx_word' id='word_1_119' title='bbox 618 808 884 842; x_wconf 82' lang='lat' dir='ltr'>contentiones</span> <span class='ocrx_word' id='word_1_120' title='bbox 904 806 1140 852; x_wconf 83' lang='lat' dir='ltr'>damnantur,</span> <span class='ocrx_word' id='word_1_121' title='bbox 1169 808 1205 842; x_wconf 79' lang='grc' dir='ltr'>ὅ(</span> <span class='ocrx_word' id='word_1_122' title='bbox 1230 818 1374 843; x_wconf 87' lang='lat' dir='ltr'>nomen</span> <span class='ocrx_word' id='word_1_123' title='bbox 1397 805 1515 854; x_wconf 86' lang='lat' dir='ltr'>ipsum</span> <span class='ocrx_word' id='word_1_124' title='bbox 1540 805 1630 842; x_wconf 89' lang='lat' dir='ltr'>odio</span> <span class='ocrx_word' id='word_1_125' title='bbox 1649 805 1708 851; x_wconf 90' lang='lat' dir='ltr'>est,</span> <span class='ocrx_word' id='word_1_126' title='bbox 1738 807 1774 841; x_wconf 85' lang='lat'>&amp;</span> <span class='ocrx_word' id='word_1_127' title='bbox 1794 816 1875 841; x_wconf 88' lang='lat' dir='ltr'>om-</span> 
     </span>
     <span class='ocr_line' id='line_1_14' title="bbox 279 858 1877 912; baseline -0.003 -12"><span class='ocrx_word' id='word_1_128' title='bbox 279 875 344 900; x_wconf 91' lang='lat' dir='ltr'>nes</span> <span class='ocrx_word' id='word_1_129' title='bbox 360 862 524 899; x_wconf 81' lang='lat' dir='ltr'>honores</span> <span class='ocrx_word' id='word_1_130' title='bbox 540 872 673 897; x_wconf 87' lang='lat' dir='ltr'>eorum</span> <span class='ocrx_word' id='word_1_131' title='bbox 693 862 734 897; x_wconf 89' lang='lat' dir='ltr'>in</span> <span class='ocrx_word' id='word_1_132' title='bbox 755 859 999 911; x_wconf 88' lang='lat' dir='ltr'>opprobrium</span> <span class='ocrx_word' id='word_1_133' title='bbox 1026 858 1219 897; x_wconf 76' lang='lat' dir='ltr'>desinunt:</span> <span class='ocrx_word' id='word_1_134' title='bbox 1248 861 1350 912; x_wconf 88' lang='lat' dir='ltr'>quod</span> <span class='ocrx_word' id='word_1_135' title='bbox 1373 871 1501 896; x_wconf 85' lang='lat' dir='ltr'>autem</span> <span class='ocrx_word' id='word_1_136' title='bbox 1526 860 1572 896; x_wconf 86' lang='lat' dir='ltr'>ab</span> <span class='ocrx_word' id='word_1_137' title='bbox 1593 859 1737 908; x_wconf 80' lang='lat' dir='ltr'>hospite</span> <span class='ocrx_word' id='word_1_138' title='bbox 1765 858 1877 896; x_wconf 88' lang='lat' dir='ltr'>inter-</span> 
     </span>
     <span class='ocr_line' id='line_1_15' title="bbox 280 910 1877 964; baseline -0.002 -11"><span class='ocrx_word' id='word_1_139' title='bbox 280 917 395 954; x_wconf 58' lang='lat' dir='ltr'>scetus</span> <span class='ocrx_word' id='word_1_140' title='bbox 424 916 472 952; x_wconf 87' lang='lat' dir='ltr'>cst</span> <span class='ocrx_word' id='word_1_141' title='bbox 488 912 727 956; x_wconf 49' lang='lat' dir='ltr'>Diomedem</span> <span class='ocrx_word' id='word_1_142' title='bbox 756 916 795 951; x_wconf 86' lang='lat' dir='ltr'>icl</span> <span class='ocrx_word' id='word_1_143' title='bbox 824 927 870 951; x_wconf 88' lang='lat' dir='ltr'>eo</span> <span class='ocrx_word' id='word_1_144' title='bbox 895 914 1040 963; x_wconf 62' lang='lat' dir='ltr'>spesiat,</span> <span class='ocrx_word' id='word_1_145' title='bbox 1070 915 1174 962; x_wconf 89' lang='lat' dir='ltr'>quod</span> <span class='ocrx_word' id='word_1_146' title='bbox 1197 914 1385 964; x_wconf 73' lang='lat' dir='ltr'>religionis</span> <span class='ocrx_word' id='word_1_147' title='bbox 1411 910 1611 959; x_wconf 75' lang='lat' dir='ltr'>dissidium,</span> <span class='ocrx_word' id='word_1_148' title='bbox 1640 916 1753 950; x_wconf 86' lang='lat' dir='ltr'>etiam</span> <span class='ocrx_word' id='word_1_149' title='bbox 1780 913 1877 950; x_wconf 80' lang='lat' dir='ltr'>inter</span> 
     </span>
     <span class='ocr_line' id='line_1_16' title="bbox 279 966 1879 1020; baseline -0.001 -12"><span class='ocrx_word' id='word_1_150' title='bbox 279 966 614 1015; x_wconf 60' lang='lat' dir='ltr'>conjunctissimos,</span> <span class='ocrx_word' id='word_1_151' title='bbox 642 967 783 1006; x_wconf 84' lang='lat' dir='ltr'>infidias</span> <span class='ocrx_word' id='word_1_152' title='bbox 808 971 845 1006; x_wconf 67' lang='grc' dir='ltr'>ὅ(</span> <span class='ocrx_word' id='word_1_153' title='bbox 867 968 1099 1019; x_wconf 77' lang='lat' dir='ltr'>proditiones</span> <span class='ocrx_word' id='word_1_154' title='bbox 1121 967 1274 1011; x_wconf 79' lang='lat' dir='ltr'>excitet3</span> <span class='ocrx_word' id='word_1_155' title='bbox 1304 969 1398 1006; x_wconf 92' lang='lat' dir='ltr'>illud</span> <span class='ocrx_word' id='word_1_156' title='bbox 1426 981 1517 1006; x_wconf 89' lang='lat' dir='ltr'>vero</span> <span class='ocrx_word' id='word_1_157' title='bbox 1539 970 1585 1006; x_wconf 91' lang='lat' dir='ltr'>de</span> <span class='ocrx_word' id='word_1_158' title='bbox 1600 969 1702 1006; x_wconf 63' lang='lat' dir='ltr'>luein</span> <span class='ocrx_word' id='word_1_159' title='bbox 1721 967 1812 1020; x_wconf 87' lang='lat' dir='ltr'>ipso,</span> <span class='ocrx_word' id='word_1_160' title='bbox 1840 970 1879 1006; x_wconf 84' lang='lat'>&amp;</span> 
     </span>
     <span class='ocr_line' id='line_1_17' title="bbox 279 1022 1880 1076; baseline -0.002 -14"><span class='ocrx_word' id='word_1_161' title='bbox 279 1024 544 1076; x_wconf 84' lang='lat' dir='ltr'>quaerimoniis</span> <span class='ocrx_word' id='word_1_162' title='bbox 566 1023 724 1061; x_wconf 89' lang='lat' dir='ltr'>minime</span> <span class='ocrx_word' id='word_1_163' title='bbox 748 1022 926 1070; x_wconf 85' lang='lat' dir='ltr'>toleratis,</span> <span class='ocrx_word' id='word_1_164' title='bbox 955 1023 1016 1060; x_wconf 92' lang='lat' dir='ltr'>sed</span> <span class='ocrx_word' id='word_1_165' title='bbox 1035 1024 1217 1076; x_wconf 84' lang='lat' dir='ltr'>supplicio</span> <span class='ocrx_word' id='word_1_166' title='bbox 1233 1025 1382 1071; x_wconf 72' lang='lat' dir='ltr'>affeffis,</span> <span class='ocrx_word' id='word_1_167' title='bbox 1415 1022 1630 1070; x_wconf 88' lang='lat' dir='ltr'>hujusmodi</span> <span class='ocrx_word' id='word_1_168' title='bbox 1646 1023 1705 1070; x_wconf 87' lang='lat' dir='ltr'>est,</span> <span class='ocrx_word' id='word_1_169' title='bbox 1734 1033 1775 1060; x_wconf 89' lang='lat' dir='ltr'>ut</span> <span class='ocrx_word' id='word_1_170' title='bbox 1797 1034 1880 1059; x_wconf 91' lang='lat' dir='ltr'>mo-</span> 
     </span>
     <span class='ocr_line' id='line_1_18' title="bbox 280 1076 1880 1128; baseline -0.002 -11"><span class='ocrx_word' id='word_1_171' title='bbox 280 1090 379 1126; x_wconf 87' lang='lat' dir='ltr'>neat,</span> <span class='ocrx_word' id='word_1_172' title='bbox 408 1081 448 1116; x_wconf 90' lang='lat' dir='ltr'>in</span> <span class='ocrx_word' id='word_1_173' title='bbox 468 1078 575 1116; x_wconf 89' lang='lat' dir='ltr'>omni</span> <span class='ocrx_word' id='word_1_174' title='bbox 595 1079 673 1116; x_wconf 86' lang='lat' dir='ltr'>fere</span> <span class='ocrx_word' id='word_1_175' title='bbox 693 1078 840 1125; x_wconf 91' lang='lat' dir='ltr'>scelere,</span> <span class='ocrx_word' id='word_1_176' title='bbox 870 1077 1095 1116; x_wconf 81' lang='lat' dir='ltr'>miserationi</span> <span class='ocrx_word' id='word_1_177' title='bbox 1115 1077 1316 1117; x_wconf 88' lang='lat' dir='ltr'>hominum</span> <span class='ocrx_word' id='word_1_178' title='bbox 1344 1081 1473 1116; x_wconf 88' lang='lat' dir='ltr'>locum</span> <span class='ocrx_word' id='word_1_179' title='bbox 1498 1078 1578 1125; x_wconf 81' lang='lat' dir='ltr'>efl&#39;e,</span> <span class='ocrx_word' id='word_1_180' title='bbox 1607 1089 1649 1116; x_wconf 87' lang='lat' dir='ltr'>ut</span> <span class='ocrx_word' id='word_1_181' title='bbox 1678 1076 1788 1115; x_wconf 83' lang='lat' dir='ltr'>etiam</span> <span class='ocrx_word' id='word_1_182' title='bbox 1815 1076 1880 1128; x_wconf 84' lang='lat' dir='ltr'>qui</span> 
     </span>
     <span class='ocr_line' id='line_1_19' title="bbox 279 1131 1879 1183; baseline -0.001 -12"><span class='ocrx_word' id='word_1_183' title='bbox 279 1136 439 1171; x_wconf 89' lang='lat' dir='ltr'>crimina</span> <span class='ocrx_word' id='word_1_184' title='bbox 464 1134 640 1180; x_wconf 89' lang='lat' dir='ltr'>oderunt,</span> <span class='ocrx_word' id='word_1_185' title='bbox 668 1134 838 1183; x_wconf 79' lang='lat' dir='ltr'>personas</span> <span class='ocrx_word' id='word_1_186' title='bbox 857 1144 985 1170; x_wconf 88' lang='lat' dir='ltr'>tamen</span> <span class='ocrx_word' id='word_1_187' title='bbox 1015 1136 1050 1171; x_wconf 73' lang='grc' dir='ltr'>ὃ(</span> <span class='ocrx_word' id='word_1_188' title='bbox 1075 1133 1298 1172; x_wconf 80' lang='lat' dir='ltr'>calamitates</span> <span class='ocrx_word' id='word_1_189' title='bbox 1329 1145 1480 1171; x_wconf 87' lang='lat' dir='ltr'>reorum</span> <span class='ocrx_word' id='word_1_190' title='bbox 1503 1133 1744 1170; x_wconf 84' lang='lat' dir='ltr'>humanitatis</span> <span class='ocrx_word' id='word_1_191' title='bbox 1775 1131 1879 1169; x_wconf 86' lang='lat' dir='ltr'>causa</span> 
     </span>
     <span class='ocr_line' id='line_1_20' title="bbox 279 1187 1880 1235; baseline -0.001 -10"><span class='ocrx_word' id='word_1_192' title='bbox 279 1188 593 1227; x_wconf 85' lang='lat' dir='ltr'>commiserentur</span> <span class='ocrx_word' id='word_1_193' title='bbox 608 1206 622 1231; x_wconf 84' lang='lat'>‚-</span> <span class='ocrx_word' id='word_1_194' title='bbox 653 1198 864 1225; x_wconf 79' lang='lat' dir='ltr'>extremum</span> <span class='ocrx_word' id='word_1_195' title='bbox 891 1199 1015 1225; x_wconf 88' lang='lat' dir='ltr'>autem</span> <span class='ocrx_word' id='word_1_196' title='bbox 1039 1189 1227 1225; x_wconf 87' lang='lat' dir='ltr'>malorum</span> <span class='ocrx_word' id='word_1_197' title='bbox 1244 1189 1324 1235; x_wconf 76' lang='lat' dir='ltr'>effe,</span> <span class='ocrx_word' id='word_1_198' title='bbox 1352 1187 1377 1225; x_wconf 83' lang='lat' dir='ltr'>si</span> <span class='ocrx_word' id='word_1_199' title='bbox 1405 1187 1673 1224; x_wconf 81' lang='lat' dir='ltr'>misericordiae</span> <span class='ocrx_word' id='word_1_200' title='bbox 1696 1200 1880 1224; x_wconf 90' lang='lat' dir='ltr'>commer-</span> 
     </span>
     <span class='ocr_line' id='line_1_21' title="bbox 282 1241 1879 1292; baseline -0.001 -12"><span class='ocrx_word' id='word_1_201' title='bbox 282 1242 336 1281; x_wconf 85' lang='lat' dir='ltr'>cia</span> <span class='ocrx_word' id='word_1_202' title='bbox 351 1242 629 1281; x_wconf 81' lang='lat' dir='ltr'>interdicantur.</span> <span class='ocrx_word' id='word_1_203' title='bbox 687 1243 814 1291; x_wconf 86' lang='lat' dir='ltr'>Atque</span> <span class='ocrx_word' id='word_1_204' title='bbox 829 1253 956 1280; x_wconf 86' lang='lat' dir='ltr'>tamen</span> <span class='ocrx_word' id='word_1_205' title='bbox 972 1242 1008 1279; x_wconf 90' lang='lat' dir='ltr'>in</span> <span class='ocrx_word' id='word_1_206' title='bbox 1021 1242 1123 1280; x_wconf 85' lang='lat' dir='ltr'>causa</span> <span class='ocrx_word' id='word_1_207' title='bbox 1138 1242 1372 1292; x_wconf 75' lang='lat' dir='ltr'>religionis&amp;</span> <span class='ocrx_word' id='word_1_208' title='bbox 1383 1241 1591 1292; x_wconf 82' lang='lat' dir='ltr'>impietatis,</span> <span class='ocrx_word' id='word_1_209' title='bbox 1609 1241 1719 1279; x_wconf 84' lang='lat' dir='ltr'>etiam</span> <span class='ocrx_word' id='word_1_210' title='bbox 1736 1242 1879 1278; x_wconf 76' lang='lat' dir='ltr'>misera-</span> 
     </span>
     <span class='ocr_line' id='line_1_22' title="bbox 282 1295 1879 1349; baseline -0.001 -14"><span class='ocrx_word' id='word_1_211' title='bbox 282 1300 404 1335; x_wconf 83' lang='lat' dir='ltr'>tiones</span> <span class='ocrx_word' id='word_1_212' title='bbox 423 1297 624 1335; x_wconf 87' lang='lat' dir='ltr'>hominum</span> <span class='ocrx_word' id='word_1_213' title='bbox 645 1300 767 1335; x_wconf 85' lang='lat' dir='ltr'>notari</span> <span class='ocrx_word' id='word_1_214' title='bbox 783 1301 819 1335; x_wconf 89' lang='lat'>&amp;</span> <span class='ocrx_word' id='word_1_215' title='bbox 844 1297 1017 1349; x_wconf 61' lang='lat' dir='ltr'>suspefflffi</span> <span class='ocrx_word' id='word_1_216' title='bbox 1032 1297 1111 1335; x_wconf 71' lang='lat' dir='ltr'>ess&#39;e.</span> <span class='ocrx_word' id='word_1_217' title='bbox 1172 1299 1317 1335; x_wconf 83' lang='lat' dir='ltr'>Contra</span> <span class='ocrx_word' id='word_1_218' title='bbox 1335 1310 1423 1335; x_wconf 89' lang='lat' dir='ltr'>vero</span> <span class='ocrx_word' id='word_1_219' title='bbox 1451 1299 1637 1334; x_wconf 87' lang='lat' dir='ltr'>comitum</span> <span class='ocrx_word' id='word_1_220' title='bbox 1656 1295 1879 1343; x_wconf 73' lang='lat' dir='ltr'>Diomedis,</span> 
     </span>
     <span class='ocr_line' id='line_1_23' title="bbox 283 1349 1881 1403; baseline 0 -14"><span class='ocrx_word' id='word_1_221' title='bbox 283 1353 321 1390; x_wconf 91' lang='lat' dir='ltr'>id</span> <span class='ocrx_word' id='word_1_222' title='bbox 338 1352 397 1399; x_wconf 87' lang='lat' dir='ltr'>cst,</span> <span class='ocrx_word' id='word_1_223' title='bbox 427 1352 640 1399; x_wconf 86' lang='lat' dir='ltr'>hominum,</span> <span class='ocrx_word' id='word_1_224' title='bbox 669 1351 732 1403; x_wconf 90' lang='lat' dir='ltr'>qui</span> <span class='ocrx_word' id='word_1_225' title='bbox 755 1352 918 1396; x_wconf 89' lang='lat' dir='ltr'>ejusdem</span> <span class='ocrx_word' id='word_1_226' title='bbox 950 1353 1032 1389; x_wconf 88' lang='lat' dir='ltr'>sunt</span> <span class='ocrx_word' id='word_1_227' title='bbox 1050 1351 1164 1388; x_wconf 72' lang='lat' dir='ltr'>sectae</span> <span class='ocrx_word' id='word_1_228' title='bbox 1187 1355 1223 1388; x_wconf 74' lang='grc' dir='ltr'>ὃ(</span> <span class='ocrx_word' id='word_1_229' title='bbox 1247 1351 1445 1401; x_wconf 82' lang='lat' dir='ltr'>opinionis,</span> <span class='ocrx_word' id='word_1_230' title='bbox 1474 1349 1726 1399; x_wconf 83' lang='lat' dir='ltr'>querimoniae</span> <span class='ocrx_word' id='word_1_231' title='bbox 1756 1354 1790 1388; x_wconf 74' lang='grc' dir='ltr'>ὅ(</span> <span class='ocrx_word' id='word_1_232' title='bbox 1819 1351 1881 1389; x_wconf 88' lang='lat' dir='ltr'>de-</span> 
     </span>
     <span class='ocr_line' id='line_1_24' title="bbox 282 1405 1876 1460; baseline -0.001 -17"><span class='ocrx_word' id='word_1_233' title='bbox 282 1408 510 1460; x_wconf 82' lang='lat' dir='ltr'>plorationes</span> <span class='ocrx_word' id='word_1_234' title='bbox 525 1417 671 1456; x_wconf 79' lang='lat' dir='ltr'>argutae</span> <span class='ocrx_word' id='word_1_235' title='bbox 685 1407 890 1443; x_wconf 83' lang='lat' dir='ltr'>admodum</span> <span class='ocrx_word' id='word_1_236' title='bbox 903 1410 939 1444; x_wconf 87' lang='lat'>&amp;</span> <span class='ocrx_word' id='word_1_237' title='bbox 953 1419 1111 1443; x_wconf 85' lang='lat' dir='ltr'>canorae</span> <span class='ocrx_word' id='word_1_238' title='bbox 1121 1406 1189 1442; x_wconf 81' lang='lat' dir='ltr'>effe</span> <span class='ocrx_word' id='word_1_239' title='bbox 1200 1405 1334 1454; x_wconf 86' lang='lat' dir='ltr'>solent,</span> <span class='ocrx_word' id='word_1_240' title='bbox 1362 1408 1468 1444; x_wconf 80' lang='lat' dir='ltr'>instar</span> <span class='ocrx_word' id='word_1_241' title='bbox 1479 1407 1645 1453; x_wconf 85' lang='lat' dir='ltr'>olorum,</span> <span class='ocrx_word' id='word_1_242' title='bbox 1672 1415 1735 1442; x_wconf 83' lang='lat' dir='ltr'>aut</span> <span class='ocrx_word' id='word_1_243' title='bbox 1750 1407 1876 1444; x_wconf 85' lang='lat' dir='ltr'>avium</span> 
     </span>
     <span class='ocr_line' id='line_1_25' title="bbox 284 1458 1883 1513; baseline -0.001 -14"><span class='ocrx_word' id='word_1_244' title='bbox 284 1459 494 1499; x_wconf 74' lang='lat' dir='ltr'>Diomedis</span> <span class='ocrx_word' id='word_1_245' title='bbox 509 1475 520 1502; x_wconf 78' lang='lat'>5</span> <span class='ocrx_word' id='word_1_246' title='bbox 548 1461 586 1498; x_wconf 87' lang='lat' dir='ltr'>in</span> <span class='ocrx_word' id='word_1_247' title='bbox 601 1473 678 1512; x_wconf 89' lang='lat' dir='ltr'>quo</span> <span class='ocrx_word' id='word_1_248' title='bbox 693 1463 806 1497; x_wconf 91' lang='lat' dir='ltr'>etiam</span> <span class='ocrx_word' id='word_1_249' title='bbox 817 1462 879 1497; x_wconf 87' lang='lat' dir='ltr'>illa</span> <span class='ocrx_word' id='word_1_250' title='bbox 893 1473 972 1513; x_wconf 88' lang='lat' dir='ltr'>pars</span> <span class='ocrx_word' id='word_1_251' title='bbox 986 1459 1181 1510; x_wconf 80' lang='lat' dir='ltr'>allegoriae</span> <span class='ocrx_word' id='word_1_252' title='bbox 1194 1461 1328 1499; x_wconf 91' lang='lat' dir='ltr'>nobilis</span> <span class='ocrx_word' id='word_1_253' title='bbox 1343 1461 1391 1498; x_wconf 89' lang='lat' dir='ltr'>est</span> <span class='ocrx_word' id='word_1_254' title='bbox 1401 1464 1438 1499; x_wconf 73' lang='grc' dir='ltr'>ὃ(</span> <span class='ocrx_word' id='word_1_255' title='bbox 1455 1458 1601 1509; x_wconf 82' lang='lat' dir='ltr'>insignis</span> <span class='ocrx_word' id='word_1_256' title='bbox 1610 1477 1624 1503; x_wconf 90' lang='lat'>,-</span> <span class='ocrx_word' id='word_1_257' title='bbox 1655 1472 1800 1507; x_wconf 76' lang='lat' dir='ltr'>eorum,</span> <span class='ocrx_word' id='word_1_258' title='bbox 1816 1460 1883 1512; x_wconf 85' lang='lat' dir='ltr'>qui</span> 
     </span>
     <span class='ocr_line' id='line_1_26' title="bbox 284 1513 1882 1568; baseline 0 -16"><span class='ocrx_word' id='word_1_259' title='bbox 284 1527 437 1568; x_wconf 88' lang='lat' dir='ltr'>propter</span> <span class='ocrx_word' id='word_1_260' title='bbox 463 1515 608 1553; x_wconf 85' lang='lat' dir='ltr'>causam</span> <span class='ocrx_word' id='word_1_261' title='bbox 635 1514 824 1565; x_wconf 79' lang='lat' dir='ltr'>religionis</span> <span class='ocrx_word' id='word_1_262' title='bbox 851 1515 1026 1567; x_wconf 90' lang='lat' dir='ltr'>supplicia</span> <span class='ocrx_word' id='word_1_263' title='bbox 1046 1515 1217 1561; x_wconf 89' lang='lat' dir='ltr'>subeunt,</span> <span class='ocrx_word' id='word_1_264' title='bbox 1247 1529 1355 1554; x_wconf 81' lang='lat' dir='ltr'>voces</span> <span class='ocrx_word' id='word_1_265' title='bbox 1381 1515 1446 1554; x_wconf 90' lang='lat' dir='ltr'>sub</span> <span class='ocrx_word' id='word_1_266' title='bbox 1469 1526 1615 1564; x_wconf 87' lang='lat' dir='ltr'>tempus</span> <span class='ocrx_word' id='word_1_267' title='bbox 1633 1513 1775 1563; x_wconf 85' lang='lat' dir='ltr'>mortis,</span> <span class='ocrx_word' id='word_1_268' title='bbox 1802 1525 1882 1552; x_wconf 87' lang='lat' dir='ltr'>tan-</span> 
     </span>
     <span class='ocr_line' id='line_1_27' title="bbox 284 1568 1879 1621; baseline -0.001 -13"><span class='ocrx_word' id='word_1_269' title='bbox 284 1583 397 1621; x_wconf 87' lang='lat' dir='ltr'>quam</span> <span class='ocrx_word' id='word_1_270' title='bbox 412 1582 567 1620; x_wconf 85' lang='lat' dir='ltr'>cygneas</span> <span class='ocrx_word' id='word_1_271' title='bbox 579 1571 772 1607; x_wconf 88' lang='lat' dir='ltr'>cantiones</span> <span class='ocrx_word' id='word_1_272' title='bbox 785 1568 930 1607; x_wconf 83' lang='lat' dir='ltr'>animos</span> <span class='ocrx_word' id='word_1_273' title='bbox 944 1570 1147 1607; x_wconf 86' lang='lat' dir='ltr'>hominum</span> <span class='ocrx_word' id='word_1_274' title='bbox 1158 1569 1295 1609; x_wconf 88' lang='lat' dir='ltr'>mirum</span> <span class='ocrx_word' id='word_1_275' title='bbox 1309 1571 1348 1608; x_wconf 91' lang='lat' dir='ltr'>in</span> <span class='ocrx_word' id='word_1_276' title='bbox 1363 1571 1524 1608; x_wconf 89' lang='lat' dir='ltr'>modum</span> <span class='ocrx_word' id='word_1_277' title='bbox 1533 1570 1687 1617; x_wconf 68' lang='lat' dir='ltr'>flestere,</span> <span class='ocrx_word' id='word_1_278' title='bbox 1699 1571 1736 1607; x_wconf 80' lang='lat' dir='ltr'>&lt;Sc</span> <span class='ocrx_word' id='word_1_279' title='bbox 1748 1572 1791 1608; x_wconf 86' lang='lat' dir='ltr'>in</span> <span class='ocrx_word' id='word_1_280' title='bbox 1802 1581 1879 1607; x_wconf 86' lang='lat' dir='ltr'>me-</span> 
     </span>
    </p>
   </div>
   <div class='ocr_carea' id='block_1_6' title="bbox 272 1621 1503 1676">
    <p class='ocr_par' dir='ltr' id='par_1_6' title="bbox 272 1621 1503 1676">
     <span class='ocr_line' id='line_1_28' title="bbox 272 1621 1503 1676; baseline 0.002 -16"><span class='ocrx_word' id='word_1_281' title='bbox 272 1626 419 1663; x_wconf 19' lang='lat' dir='ltr'>*mosiis</span> <span class='ocrx_word' id='word_1_282' title='bbox 433 1628 471 1662; x_wconf 85' lang='lat'>&amp;</span> <span class='ocrx_word' id='word_1_283' title='bbox 489 1623 648 1663; x_wconf 75' lang='lat' dir='ltr'>sensibus</span> <span class='ocrx_word' id='word_1_284' title='bbox 661 1637 796 1663; x_wconf 89' lang='lat' dir='ltr'>eorum</span> <span class='ocrx_word' id='word_1_285' title='bbox 810 1621 1014 1663; x_wconf 83' lang='lat' dir='ltr'>diutifiime</span> <span class='ocrx_word' id='word_1_286' title='bbox 1029 1625 1216 1663; x_wconf 87' lang='lat' dir='ltr'>inhaerere</span> <span class='ocrx_word' id='word_1_287' title='bbox 1232 1628 1267 1663; x_wconf 77' lang='grc' dir='ltr'>ὅ(</span> <span class='ocrx_word' id='word_1_288' title='bbox 1279 1638 1503 1676; x_wconf 86' lang='lat' dir='ltr'>permanere.</span> 
     </span>
    </p>
   </div>
   <div class='ocr_carea' id='block_1_7' title="bbox 660 1733 1522 1800">
    <p class='ocr_par' dir='ltr' id='par_1_7' title="bbox 660 1733 1522 1800">
     <span class='ocr_line' id='line_1_29' title="bbox 660 1733 1522 1800; baseline 0.001 -20"><span class='ocrx_word' id='word_1_289' title='bbox 660 1750 734 1795; x_wconf 88' lang='lat'>19.</span> <span class='ocrx_word' id='word_1_290' title='bbox 772 1736 1076 1790; x_wconf 83' lang='lat' dir='ltr'>DAEDALUS‚</span> <span class='ocrx_word' id='word_1_291' title='bbox 1101 1735 1201 1800; x_wconf 79' lang='lat' dir='ltr'>five</span> <span class='ocrx_word' id='word_1_292' title='bbox 1227 1733 1522 1782; x_wconf 78' lang='lat' dir='ltr'>Mechcmicus.</span> 
     </span>
    </p>
   </div>
   <div class='ocr_carea' id='block_1_8' title="bbox 289 1847 1897 2120">
    <p class='ocr_par' dir='ltr' id='par_1_8' title="bbox 289 1847 1897 2120">
     <span class='ocr_line' id='line_1_30' title="bbox 344 1847 1884 1901; baseline 0 -15"><span class='ocrx_word' id='word_1_293' title='bbox 344 1850 456 1886; x_wconf 74' lang='lat' dir='ltr'>SA1’1</span> <span class='ocrx_word' id='word_1_294' title='bbox 467 1857 561 1885; x_wconf 79' lang='lat' dir='ltr'>ENT</span> <span class='ocrx_word' id='word_1_295' title='bbox 574 1858 668 1885; x_wconf 86' lang='lat' dir='ltr'>IAM</span> <span class='ocrx_word' id='word_1_296' title='bbox 688 1857 798 1899; x_wconf 89' lang='lat' dir='ltr'>atque</span> <span class='ocrx_word' id='word_1_297' title='bbox 812 1847 1028 1885; x_wconf 88' lang='lat' dir='ltr'>industriam</span> <span class='ocrx_word' id='word_1_298' title='bbox 1039 1848 1308 1896; x_wconf 86' lang='lat' dir='ltr'>mechanicam,</span> <span class='ocrx_word' id='word_1_299' title='bbox 1338 1859 1447 1901; x_wconf 89' lang='lat' dir='ltr'>atque</span> <span class='ocrx_word' id='word_1_300' title='bbox 1457 1850 1496 1886; x_wconf 90' lang='lat' dir='ltr'>in</span> <span class='ocrx_word' id='word_1_301' title='bbox 1511 1847 1574 1886; x_wconf 86' lang='lat' dir='ltr'>illa</span> <span class='ocrx_word' id='word_1_302' title='bbox 1586 1847 1735 1886; x_wconf 82' lang='lat' dir='ltr'>artificia</span> <span class='ocrx_word' id='word_1_303' title='bbox 1744 1847 1884 1897; x_wconf 68' lang='lat' dir='ltr'>illicita,</span> 
     </span>
     <span class='ocr_line' id='line_1_31' title="bbox 290 1901 1883 1956; baseline 0.001 -16"><span class='ocrx_word' id='word_1_304' title='bbox 290 1905 327 1940; x_wconf 79' lang='grc' dir='ltr'>ὅ(</span> <span class='ocrx_word' id='word_1_305' title='bbox 343 1904 387 1940; x_wconf 85' lang='lat' dir='ltr'>ad</span> <span class='ocrx_word' id='word_1_306' title='bbox 402 1915 533 1954; x_wconf 86' lang='lat' dir='ltr'>pravos</span> <span class='ocrx_word' id='word_1_307' title='bbox 555 1902 637 1940; x_wconf 90' lang='lat' dir='ltr'>usus</span> <span class='ocrx_word' id='word_1_308' title='bbox 661 1903 820 1950; x_wconf 85' lang='lat' dir='ltr'>detorta,</span> <span class='ocrx_word' id='word_1_309' title='bbox 850 1902 992 1954; x_wconf 81' lang='lat' dir='ltr'>antiqui</span> <span class='ocrx_word' id='word_1_310' title='bbox 1015 1904 1331 1941; x_wconf 87' lang='lat' dir='ltr'>adumbraverunt</span> <span class='ocrx_word' id='word_1_311' title='bbox 1353 1904 1416 1941; x_wconf 92' lang='lat' dir='ltr'>sub</span> <span class='ocrx_word' id='word_1_312' title='bbox 1433 1904 1588 1956; x_wconf 88' lang='lat' dir='ltr'>persona</span> <span class='ocrx_word' id='word_1_313' title='bbox 1603 1901 1794 1947; x_wconf 76' lang='lat' dir='ltr'>Daedali,</span> <span class='ocrx_word' id='word_1_314' title='bbox 1813 1905 1883 1941; x_wconf 86' lang='lat' dir='ltr'>viri</span> 
     </span>
     <span class='ocr_line' id='line_1_32' title="bbox 289 1954 1885 2011; baseline 0.001 -17"><span class='ocrx_word' id='word_1_315' title='bbox 289 1954 581 2007; x_wconf 79' lang='lat' dir='ltr'>ingeniolissimi,</span> <span class='ocrx_word' id='word_1_316' title='bbox 609 1957 670 1996; x_wconf 88' lang='lat' dir='ltr'>sed</span> <span class='ocrx_word' id='word_1_317' title='bbox 696 1956 923 1995; x_wconf 89' lang='lat' dir='ltr'>execrabilis:</span> <span class='ocrx_word' id='word_1_318' title='bbox 952 1958 1011 1995; x_wconf 92' lang='lat' dir='ltr'>hic</span> <span class='ocrx_word' id='word_1_319' title='bbox 1030 1959 1082 1995; x_wconf 89' lang='lat' dir='ltr'>ob</span> <span class='ocrx_word' id='word_1_320' title='bbox 1104 1958 1402 2011; x_wconf 88' lang='lat' dir='ltr'>condiscipulum</span> <span class='ocrx_word' id='word_1_321' title='bbox 1432 1962 1466 1996; x_wconf 72' lang='grc' dir='ltr'>ὃ(</span> <span class='ocrx_word' id='word_1_322' title='bbox 1500 1960 1691 1996; x_wconf 90' lang='lat' dir='ltr'>aemulum</span> <span class='ocrx_word' id='word_1_323' title='bbox 1719 1957 1885 1997; x_wconf 83' lang='lat' dir='ltr'>occisum</span> 
     </span>
     <span class='ocr_line' id='line_1_33' title="bbox 290 2011 1886 2063; baseline 0.001 -15"><span class='ocrx_word' id='word_1_324' title='bbox 290 2013 509 2060; x_wconf 84' lang='lat' dir='ltr'>exulaverat,</span> <span class='ocrx_word' id='word_1_325' title='bbox 537 2023 657 2062; x_wconf 86' lang='lat' dir='ltr'>gratus</span> <span class='ocrx_word' id='word_1_326' title='bbox 684 2023 812 2051; x_wconf 90' lang='lat' dir='ltr'>tamen</span> <span class='ocrx_word' id='word_1_327' title='bbox 835 2012 873 2049; x_wconf 92' lang='lat' dir='ltr'>in</span> <span class='ocrx_word' id='word_1_328' title='bbox 894 2011 1005 2050; x_wconf 81' lang='lat' dir='ltr'>exilio</span> <span class='ocrx_word' id='word_1_329' title='bbox 1021 2012 1164 2063; x_wconf 86' lang='lat' dir='ltr'>regibus</span> <span class='ocrx_word' id='word_1_330' title='bbox 1191 2016 1228 2052; x_wconf 71' lang='grc' dir='ltr'>ὃ(</span> <span class='ocrx_word' id='word_1_331' title='bbox 1254 2013 1458 2052; x_wconf 87' lang='lat' dir='ltr'>civitatibus</span> <span class='ocrx_word' id='word_1_332' title='bbox 1482 2024 1568 2051; x_wconf 90' lang='lat' dir='ltr'>erat.</span> <span class='ocrx_word' id='word_1_333' title='bbox 1623 2013 1752 2061; x_wconf 90' lang='lat' dir='ltr'>Atque</span> <span class='ocrx_word' id='word_1_334' title='bbox 1767 2014 1886 2051; x_wconf 85' lang='lat' dir='ltr'>multa</span> 
     </span>
     <span class='ocr_line' id='line_1_34' title="bbox 289 2066 1897 2120; baseline 0.002 -17"><span class='ocrx_word' id='word_1_335' title='bbox 289 2066 443 2118; x_wconf 90' lang='lat' dir='ltr'>quidem</span> <span class='ocrx_word' id='word_1_336' title='bbox 464 2070 501 2104; x_wconf 59' lang='grc' dir='ltr'>ὃς</span> <span class='ocrx_word' id='word_1_337' title='bbox 527 2070 671 2117; x_wconf 88' lang='lat' dir='ltr'>egregia</span> <span class='ocrx_word' id='word_1_338' title='bbox 686 2079 798 2120; x_wconf 86' lang='lat' dir='ltr'>opera</span> <span class='ocrx_word' id='word_1_339' title='bbox 813 2078 891 2105; x_wconf 90' lang='lat' dir='ltr'>tam</span> <span class='ocrx_word' id='word_1_340' title='bbox 914 2067 954 2104; x_wconf 91' lang='lat' dir='ltr'>in</span> <span class='ocrx_word' id='word_1_341' title='bbox 977 2068 1165 2105; x_wconf 87' lang='lat' dir='ltr'>honorem</span> <span class='ocrx_word' id='word_1_342' title='bbox 1187 2069 1358 2117; x_wconf 86' lang='lat' dir='ltr'>deorum,</span> <span class='ocrx_word' id='word_1_343' title='bbox 1386 2081 1500 2120; x_wconf 85' lang='lat' dir='ltr'>quam</span> <span class='ocrx_word' id='word_1_344' title='bbox 1521 2069 1564 2106; x_wconf 84' lang='lat' dir='ltr'>ad</span> <span class='ocrx_word' id='word_1_345' title='bbox 1597 2067 1897 2106; x_wconf 57' lang='lat' dir='ltr'>exornationem*</span> 
     </span>
    </p>
   </div>
   <div class='ocr_carea' id='block_1_9' title="bbox 274 2119 1885 2172">
    <p class='ocr_par' dir='ltr' id='par_1_9' title="bbox 274 2119 1885 2172">
     <span class='ocr_line' id='line_1_35' title="bbox 274 2119 1885 2172; baseline 0.002 -14"><span class='ocrx_word' id='word_1_346' title='bbox 274 2121 657 2171; x_wconf 62' lang='lat' dir='ltr'>&gt;&amp;magnificentiam</span> <span class='ocrx_word' id='word_1_347' title='bbox 671 2122 820 2160; x_wconf 89' lang='lat' dir='ltr'>urbium</span> <span class='ocrx_word' id='word_1_348' title='bbox 840 2125 876 2160; x_wconf 90' lang='lat'>&amp;</span> <span class='ocrx_word' id='word_1_349' title='bbox 900 2124 1076 2161; x_wconf 89' lang='lat' dir='ltr'>locorum</span> <span class='ocrx_word' id='word_1_350' title='bbox 1101 2123 1338 2172; x_wconf 90' lang='lat' dir='ltr'>publicorum</span> <span class='ocrx_word' id='word_1_351' title='bbox 1367 2133 1571 2161; x_wconf 83' lang='lat' dir='ltr'>extruxerat</span> <span class='ocrx_word' id='word_1_352' title='bbox 1596 2125 1634 2160; x_wconf 88' lang='lat'>&amp;</span> <span class='ocrx_word' id='word_1_353' title='bbox 1668 2119 1885 2162; x_wconf 68' lang='lat' dir='ltr'>effinxeratz</span> 
     </span>
    </p>
   </div>
   <div class='ocr_carea' id='block_1_10' title="bbox 285 2176 1886 3158">
    <p class='ocr_par' dir='ltr' id='par_1_10' title="bbox 285 2176 1886 3102">
     <span class='ocr_line' id='line_1_36' title="bbox 292 2176 1884 2223; baseline 0.001 -10"><span class='ocrx_word' id='word_1_354' title='bbox 292 2176 352 2214; x_wconf 91' lang='lat' dir='ltr'>sed</span> <span class='ocrx_word' id='word_1_355' title='bbox 369 2187 494 2214; x_wconf 86' lang='lat' dir='ltr'>tamen</span> <span class='ocrx_word' id='word_1_356' title='bbox 510 2189 653 2215; x_wconf 88' lang='lat' dir='ltr'>nomen</span> <span class='ocrx_word' id='word_1_357' title='bbox 682 2178 760 2223; x_wconf 84' lang='lat' dir='ltr'>ejus</span> <span class='ocrx_word' id='word_1_358' title='bbox 779 2179 940 2215; x_wconf 84' lang='lat' dir='ltr'>maxime</span> <span class='ocrx_word' id='word_1_359' title='bbox 968 2179 1173 2215; x_wconf 87' lang='lat' dir='ltr'>celebratur</span> <span class='ocrx_word' id='word_1_360' title='bbox 1196 2180 1247 2216; x_wconf 90' lang='lat' dir='ltr'>ob</span> <span class='ocrx_word' id='word_1_361' title='bbox 1268 2177 1404 2216; x_wconf 88' lang='lat' dir='ltr'>illicita.</span> <span class='ocrx_word' id='word_1_362' title='bbox 1460 2176 1644 2216; x_wconf 87' lang='lat' dir='ltr'>Fabricam</span> <span class='ocrx_word' id='word_1_363' title='bbox 1669 2179 1773 2214; x_wconf 89' lang='lat' dir='ltr'>enim</span> <span class='ocrx_word' id='word_1_364' title='bbox 1803 2176 1884 2216; x_wconf 86' lang='lat' dir='ltr'>libi-</span> 
     </span>
     <span class='ocr_line' id='line_1_37' title="bbox 292 2229 1886 2283; baseline 0.001 -16"><span class='ocrx_word' id='word_1_365' title='bbox 292 2232 372 2268; x_wconf 87' lang='lat' dir='ltr'>dini</span> <span class='ocrx_word' id='word_1_366' title='bbox 393 2229 604 2283; x_wconf 63' lang='lat' dir='ltr'>Paszphabs</span> <span class='ocrx_word' id='word_1_367' title='bbox 627 2231 920 2279; x_wconf 88' lang='lat' dir='ltr'>subministravit,</span> <span class='ocrx_word' id='word_1_368' title='bbox 949 2243 991 2270; x_wconf 87' lang='lat' dir='ltr'>ut</span> <span class='ocrx_word' id='word_1_369' title='bbox 1011 2245 1099 2270; x_wconf 90' lang='lat' dir='ltr'>cum</span> <span class='ocrx_word' id='word_1_370' title='bbox 1119 2243 1228 2271; x_wconf 89' lang='lat' dir='ltr'>tauro</span> <span class='ocrx_word' id='word_1_371' title='bbox 1249 2234 1489 2274; x_wconf 73' lang='lat' dir='ltr'>misceretur-3</span> <span class='ocrx_word' id='word_1_372' title='bbox 1516 2233 1613 2270; x_wconf 90' lang='lat' dir='ltr'>adeo</span> <span class='ocrx_word' id='word_1_373' title='bbox 1639 2242 1680 2270; x_wconf 93' lang='lat' dir='ltr'>ut</span> <span class='ocrx_word' id='word_1_374' title='bbox 1703 2233 1749 2269; x_wconf 86' lang='lat' dir='ltr'>ab</span> <span class='ocrx_word' id='word_1_375' title='bbox 1777 2232 1886 2278; x_wconf 79' lang='lat' dir='ltr'>liujus</span> 
     </span>
     <span class='ocr_line' id='line_1_38' title="bbox 292 2285 1886 2339; baseline 0.001 -17"><span class='ocrx_word' id='word_1_376' title='bbox 292 2285 358 2323; x_wconf 88' lang='lat' dir='ltr'>viri</span> <span class='ocrx_word' id='word_1_377' title='bbox 374 2286 544 2324; x_wconf 86' lang='lat' dir='ltr'>scelerata</span> <span class='ocrx_word' id='word_1_378' title='bbox 560 2286 731 2325; x_wconf 87' lang='lat' dir='ltr'>industria</span> <span class='ocrx_word' id='word_1_379' title='bbox 750 2289 788 2324; x_wconf 73' lang='grc' dir='ltr'>ὅ(</span> <span class='ocrx_word' id='word_1_380' title='bbox 814 2286 968 2337; x_wconf 86' lang='lat' dir='ltr'>ingenio</span> <span class='ocrx_word' id='word_1_381' title='bbox 990 2287 1204 2339; x_wconf 87' lang='lat' dir='ltr'>pernicioso</span> <span class='ocrx_word' id='word_1_382' title='bbox 1226 2287 1434 2326; x_wconf 89' lang='lat' dir='ltr'>monstrum</span> <span class='ocrx_word' id='word_1_383' title='bbox 1457 2287 1550 2325; x_wconf 91' lang='lat' dir='ltr'>illud</span> <span class='ocrx_word' id='word_1_384' title='bbox 1568 2287 1799 2325; x_wconf 90' lang='lat' dir='ltr'>minotaurus</span> <span class='ocrx_word' id='word_1_385' title='bbox 1820 2299 1886 2338; x_wconf 86' lang='lat' dir='ltr'>pu-</span> 
     </span>
     <span class='ocr_line' id='line_1_39' title="bbox 294 2340 1886 2391; baseline 0.002 -15"><span class='ocrx_word' id='word_1_386' title='bbox 294 2340 380 2377; x_wconf 88' lang='lat' dir='ltr'>bem</span> <span class='ocrx_word' id='word_1_387' title='bbox 396 2344 599 2391; x_wconf 84' lang='lat' dir='ltr'>ingenuam</span> <span class='ocrx_word' id='word_1_388' title='bbox 613 2343 792 2381; x_wconf 87' lang='lat' dir='ltr'>devorans</span> <span class='ocrx_word' id='word_1_389' title='bbox 820 2353 947 2380; x_wconf 91' lang='lat' dir='ltr'>ortum</span> <span class='ocrx_word' id='word_1_390' title='bbox 969 2341 1117 2380; x_wconf 88' lang='lat' dir='ltr'>traxerit</span> <span class='ocrx_word' id='word_1_391' title='bbox 1139 2344 1330 2381; x_wconf 83' lang='lat' dir='ltr'>infelicem</span> <span class='ocrx_word' id='word_1_392' title='bbox 1354 2355 1397 2380; x_wconf 88' lang='lat' dir='ltr'>ac</span> <span class='ocrx_word' id='word_1_393' title='bbox 1422 2341 1613 2380; x_wconf 81' lang='lat' dir='ltr'>infamem.</span> <span class='ocrx_word' id='word_1_394' title='bbox 1667 2341 1886 2390; x_wconf 36' lang='lat' dir='ltr'>Atque-ille</span> 
     </span>
     <span class='ocr_line' id='line_1_40' title="bbox 294 2396 1885 2449; baseline 0.003 -20"><span class='ocrx_word' id='word_1_395' title='bbox 294 2397 437 2433; x_wconf 84' lang='lat' dir='ltr'>malum</span> <span class='ocrx_word' id='word_1_396' title='bbox 463 2398 567 2434; x_wconf 81' lang='lat' dir='ltr'>malo</span> <span class='ocrx_word' id='word_1_397' title='bbox 579 2407 707 2447; x_wconf 90' lang='lat' dir='ltr'>tegens</span> <span class='ocrx_word' id='word_1_398' title='bbox 729 2398 986 2445; x_wconf 85' lang='lat' dir='ltr'>&amp;cumulans,</span> <span class='ocrx_word' id='word_1_399' title='bbox 1011 2398 1058 2434; x_wconf 89' lang='lat' dir='ltr'>ad</span> <span class='ocrx_word' id='word_1_400' title='bbox 1091 2396 1320 2435; x_wconf 87' lang='lat' dir='ltr'>securitatem</span> <span class='ocrx_word' id='word_1_401' title='bbox 1345 2398 1456 2442; x_wconf 82' lang='lat' dir='ltr'>hujus</span> <span class='ocrx_word' id='word_1_402' title='bbox 1482 2396 1600 2449; x_wconf 88' lang='lat' dir='ltr'>pestis,</span> <span class='ocrx_word' id='word_1_403' title='bbox 1629 2396 1885 2445; x_wconf 86' lang='lat' dir='ltr'>labyrinthum</span> 
     </span>
     <span class='ocr_line' id='line_1_41' title="bbox 293 2449 1885 2502; baseline 0.003 -18"><span class='ocrx_word' id='word_1_404' title='bbox 293 2450 511 2498; x_wconf 84' lang='lat' dir='ltr'>excogitavit</span> <span class='ocrx_word' id='word_1_405' title='bbox 526 2454 563 2488; x_wconf 70' lang='grc' dir='ltr'>ὃ(</span> <span class='ocrx_word' id='word_1_406' title='bbox 577 2453 755 2490; x_wconf 86' lang='lat' dir='ltr'>extruxit:</span> <span class='ocrx_word' id='word_1_407' title='bbox 784 2464 877 2502; x_wconf 85' lang='lat' dir='ltr'>opus</span> <span class='ocrx_word' id='word_1_408' title='bbox 890 2452 965 2490; x_wconf 88' lang='lat' dir='ltr'>fine</span> <span class='ocrx_word' id='word_1_409' title='bbox 987 2454 1025 2489; x_wconf 89' lang='lat'>&amp;</span> <span class='ocrx_word' id='word_1_410' title='bbox 1038 2451 1279 2490; x_wconf 87' lang='lat' dir='ltr'>detestatione</span> <span class='ocrx_word' id='word_1_411' title='bbox 1300 2452 1485 2490; x_wconf 87' lang='lat' dir='ltr'>nefarium</span> <span class='ocrx_word' id='word_1_412' title='bbox 1508 2450 1661 2489; x_wconf 88' lang='lat' dir='ltr'>artificio</span> <span class='ocrx_word' id='word_1_413' title='bbox 1684 2449 1825 2500; x_wconf 75' lang='lat' dir='ltr'>insigne</span> <span class='ocrx_word' id='word_1_414' title='bbox 1846 2453 1885 2488; x_wconf 85' lang='lat'>&amp;</span> 
     </span>
     <span class='ocr_line' id='line_1_42' title="bbox 291 2505 1884 2558; baseline 0.003 -19"><span class='ocrx_word' id='word_1_415' title='bbox 291 2506 541 2553; x_wconf 79' lang='lat' dir='ltr'>praeclarum3</span> <span class='ocrx_word' id='word_1_416' title='bbox 570 2519 610 2543; x_wconf 88' lang='lat' dir='ltr'>ac</span> <span class='ocrx_word' id='word_1_417' title='bbox 634 2507 756 2558; x_wconf 88' lang='lat' dir='ltr'>postea</span> <span class='ocrx_word' id='word_1_418' title='bbox 776 2507 911 2553; x_wconf 83' lang='lat' dir='ltr'>rursus,</span> <span class='ocrx_word' id='word_1_419' title='bbox 939 2519 989 2544; x_wconf 90' lang='lat' dir='ltr'>ne</span> <span class='ocrx_word' id='word_1_420' title='bbox 1008 2508 1116 2543; x_wconf 88' lang='lat' dir='ltr'>malis</span> <span class='ocrx_word' id='word_1_421' title='bbox 1137 2507 1275 2544; x_wconf 88' lang='lat' dir='ltr'>artibus</span> <span class='ocrx_word' id='word_1_422' title='bbox 1302 2518 1451 2544; x_wconf 87' lang='lat' dir='ltr'>tantum</span> <span class='ocrx_word' id='word_1_423' title='bbox 1473 2505 1745 2547; x_wconf 58' lang='lat' dir='ltr'>innotescerem</span> <span class='ocrx_word' id='word_1_424' title='bbox 1773 2515 1884 2554; x_wconf 84' lang='lat' dir='ltr'>atque</span> 
     </span>
     <span class='ocr_line' id='line_1_43' title="bbox 290 2557 1884 2613; baseline 0.003 -20"><span class='ocrx_word' id='word_1_425' title='bbox 290 2567 331 2594; x_wconf 87' lang='lat' dir='ltr'>ut</span> <span class='ocrx_word' id='word_1_426' title='bbox 347 2557 524 2595; x_wconf 86' lang='lat' dir='ltr'>scelerum</span> <span class='ocrx_word' id='word_1_427' title='bbox 549 2561 710 2599; x_wconf 86' lang='lat' dir='ltr'>remedia</span> <span class='ocrx_word' id='word_1_428' title='bbox 740 2562 835 2608; x_wconf 91' lang='lat' dir='ltr'>(non</span> <span class='ocrx_word' id='word_1_429' title='bbox 856 2561 980 2599; x_wconf 90' lang='lat' dir='ltr'>solum</span> <span class='ocrx_word' id='word_1_430' title='bbox 1001 2559 1258 2610; x_wconf 88' lang='lat' dir='ltr'>instrumenta)</span> <span class='ocrx_word' id='word_1_431' title='bbox 1283 2564 1329 2599; x_wconf 88' lang='lat' dir='ltr'>ab</span> <span class='ocrx_word' id='word_1_432' title='bbox 1349 2562 1485 2600; x_wconf 90' lang='lat' dir='ltr'>eodem</span> <span class='ocrx_word' id='word_1_433' title='bbox 1505 2570 1742 2613; x_wconf 84' lang='lat' dir='ltr'>peterentur;</span> <span class='ocrx_word' id='word_1_434' title='bbox 1770 2562 1884 2598; x_wconf 87' lang='lat' dir='ltr'>etiam</span> 
     </span>
     <span class='ocr_line' id='line_1_44' title="bbox 286 2609 1884 2668; baseline 0.003 -21"><span class='ocrx_word' id='word_1_435' title='bbox 286 2609 431 2648; x_wconf 82' lang='lat' dir='ltr'>consilii</span> <span class='ocrx_word' id='word_1_436' title='bbox 446 2614 624 2662; x_wconf 82' lang='lat' dir='ltr'>ingeniosi</span> <span class='ocrx_word' id='word_1_437' title='bbox 648 2616 783 2654; x_wconf 86' lang='lat' dir='ltr'>author</span> <span class='ocrx_word' id='word_1_438' title='bbox 802 2627 878 2653; x_wconf 84' lang='lat' dir='ltr'>erat</span> <span class='ocrx_word' id='word_1_439' title='bbox 906 2617 952 2653; x_wconf 91' lang='lat' dir='ltr'>de</span> <span class='ocrx_word' id='word_1_440' title='bbox 974 2615 1053 2663; x_wconf 86' lang='lat' dir='ltr'>filo,</span> <span class='ocrx_word' id='word_1_441' title='bbox 1080 2628 1145 2668; x_wconf 89' lang='lat' dir='ltr'>per</span> <span class='ocrx_word' id='word_1_442' title='bbox 1165 2617 1269 2668; x_wconf 88' lang='lat' dir='ltr'>quod</span> <span class='ocrx_word' id='word_1_443' title='bbox 1290 2629 1430 2654; x_wconf 87' lang='lat' dir='ltr'>errores</span> <span class='ocrx_word' id='word_1_444' title='bbox 1459 2616 1658 2665; x_wconf 87' lang='lat' dir='ltr'>labyrinthi</span> <span class='ocrx_word' id='word_1_445' title='bbox 1681 2624 1884 2652; x_wconf 87' lang='lat' dir='ltr'>retexeren-</span> 
     </span>
     <span class='ocr_line' id='line_1_45' title="bbox 285 2667 1884 2722; baseline 0 -17"><span class='ocrx_word' id='word_1_446' title='bbox 285 2676 362 2706; x_wconf 81' lang='lat' dir='ltr'>tur.</span> <span class='ocrx_word' id='word_1_447' title='bbox 417 2668 528 2704; x_wconf 88' lang='lat' dir='ltr'>Hunc</span> <span class='ocrx_word' id='word_1_448' title='bbox 543 2667 772 2708; x_wconf 77' lang='lat' dir='ltr'>Daedalum</span> <span class='ocrx_word' id='word_1_449' title='bbox 790 2669 926 2709; x_wconf 65' lang='lat' dir='ltr'>Minos</span> <span class='ocrx_word' id='word_1_450' title='bbox 941 2682 1075 2720; x_wconf 85' lang='lat' dir='ltr'>magna</span> <span class='ocrx_word' id='word_1_451' title='bbox 1097 2683 1184 2708; x_wconf 90' lang='lat' dir='ltr'>cum</span> <span class='ocrx_word' id='word_1_452' title='bbox 1210 2671 1400 2710; x_wconf 86' lang='lat' dir='ltr'>severitate</span> <span class='ocrx_word' id='word_1_453' title='bbox 1419 2681 1529 2722; x_wconf 90' lang='lat' dir='ltr'>atque</span> <span class='ocrx_word' id='word_1_454' title='bbox 1556 2669 1744 2719; x_wconf 83' lang='lat' dir='ltr'>diligentia</span> <span class='ocrx_word' id='word_1_455' title='bbox 1774 2672 1809 2705; x_wconf 76' lang='grc' dir='ltr'>ὃ(</span> <span class='ocrx_word' id='word_1_456' title='bbox 1829 2668 1884 2706; x_wconf 82' lang='lat' dir='ltr'>in·</span> 
     </span>
     <span class='ocr_line' id='line_1_46' title="bbox 288 2719 1881 2775; baseline 0.004 -19"><span class='ocrx_word' id='word_1_457' title='bbox 288 2719 488 2772; x_wconf 82' lang='lat' dir='ltr'>quifitione</span> <span class='ocrx_word' id='word_1_458' title='bbox 502 2724 710 2772; x_wconf 83' lang='lat' dir='ltr'>persecutus</span> <span class='ocrx_word' id='word_1_459' title='bbox 725 2726 797 2767; x_wconf 85' lang='lat' dir='ltr'>est3</span> <span class='ocrx_word' id='word_1_460' title='bbox 827 2727 891 2763; x_wconf 88' lang='lat' dir='ltr'>illc</span> <span class='ocrx_word' id='word_1_461' title='bbox 905 2736 1031 2763; x_wconf 88' lang='lat' dir='ltr'>tamen</span> <span class='ocrx_word' id='word_1_462' title='bbox 1060 2725 1203 2774; x_wconf 86' lang='lat' dir='ltr'>semper</span> <span class='ocrx_word' id='word_1_463' title='bbox 1219 2728 1255 2763; x_wconf 63' lang='grc' dir='ltr'>ὃς</span> <span class='ocrx_word' id='word_1_464' title='bbox 1283 2725 1448 2775; x_wconf 85' lang='lat' dir='ltr'>perfugia</span> <span class='ocrx_word' id='word_1_465' title='bbox 1462 2729 1499 2763; x_wconf 87' lang='lat'>&amp;</span> <span class='ocrx_word' id='word_1_466' title='bbox 1520 2723 1654 2773; x_wconf 83' lang='lat' dir='ltr'>effugia</span> <span class='ocrx_word' id='word_1_467' title='bbox 1669 2722 1881 2775; x_wconf 88' lang='lat' dir='ltr'>reperiebat.</span> 
     </span>
     <span class='ocr_line' id='line_1_47' title="bbox 291 2775 1883 2831; baseline 0.003 -19"><span class='ocrx_word' id='word_1_468' title='bbox 291 2775 483 2812; x_wconf 65' lang='lat' dir='ltr'>Postremo</span> <span class='ocrx_word' id='word_1_469' title='bbox 497 2788 584 2814; x_wconf 90' lang='lat' dir='ltr'>cum</span> <span class='ocrx_word' id='word_1_470' title='bbox 603 2780 753 2817; x_wconf 91' lang='lat' dir='ltr'>volandi</span> <span class='ocrx_word' id='word_1_471' title='bbox 772 2780 942 2831; x_wconf 89' lang='lat' dir='ltr'>peritiam</span> <span class='ocrx_word' id='word_1_472' title='bbox 956 2779 1076 2818; x_wconf 89' lang='lat' dir='ltr'>filium</span> <span class='ocrx_word' id='word_1_473' title='bbox 1091 2777 1245 2818; x_wconf 82' lang='lat' dir='ltr'>Icarum</span> <span class='ocrx_word' id='word_1_474' title='bbox 1260 2780 1470 2827; x_wconf 81' lang='lat' dir='ltr'>edocuisset,</span> <span class='ocrx_word' id='word_1_475' title='bbox 1497 2779 1559 2816; x_wconf 91' lang='lat' dir='ltr'>ille</span> <span class='ocrx_word' id='word_1_476' title='bbox 1578 2780 1743 2816; x_wconf 90' lang='lat' dir='ltr'>novitius</span> <span class='ocrx_word' id='word_1_477' title='bbox 1771 2780 1808 2815; x_wconf 70' lang='grc' dir='ltr'>ὅ(</span> <span class='ocrx_word' id='word_1_478' title='bbox 1831 2790 1883 2816; x_wconf 86' lang='lat' dir='ltr'>ar-</span> 
     </span>
     <span class='ocr_line' id='line_1_48' title="bbox 291 2830 1883 2883; baseline 0.003 -17"><span class='ocrx_word' id='word_1_479' title='bbox 291 2840 371 2867; x_wconf 87' lang='lat' dir='ltr'>tem</span> <span class='ocrx_word' id='word_1_480' title='bbox 386 2830 581 2877; x_wconf 88' lang='lat' dir='ltr'>ostentans,</span> <span class='ocrx_word' id='word_1_481' title='bbox 602 2844 621 2867; x_wconf 85' lang='lat' dir='ltr'>a</span> <span class='ocrx_word' id='word_1_482' title='bbox 632 2835 741 2871; x_wconf 90' lang='lat' dir='ltr'>coelo</span> <span class='ocrx_word' id='word_1_483' title='bbox 755 2837 795 2872; x_wconf 89' lang='lat' dir='ltr'>in</span> <span class='ocrx_word' id='word_1_484' title='bbox 807 2847 942 2883; x_wconf 88' lang='lat' dir='ltr'>aquam</span> <span class='ocrx_word' id='word_1_485' title='bbox 957 2833 1103 2872; x_wconf 89' lang='lat' dir='ltr'>decidit.</span> <span class='ocrx_word' id='word_1_486' title='bbox 1158 2836 1335 2872; x_wconf 86' lang='lat' dir='ltr'>Parabola</span> <span class='ocrx_word' id='word_1_487' title='bbox 1349 2836 1493 2873; x_wconf 88' lang='lat' dir='ltr'>videtur</span> <span class='ocrx_word' id='word_1_488' title='bbox 1505 2832 1574 2871; x_wconf 83' lang='lat' dir='ltr'>effe</span> <span class='ocrx_word' id='word_1_489' title='bbox 1588 2831 1783 2879; x_wconf 88' lang='lat' dir='ltr'>ejusmodi.</span> <span class='ocrx_word' id='word_1_490' title='bbox 1838 2835 1883 2871; x_wconf 90' lang='lat' dir='ltr'>In</span> 
     </span>
     <span class='ocr_line' id='line_1_49' title="bbox 289 2884 1883 2941; baseline 0.001 -19"><span class='ocrx_word' id='word_1_491' title='bbox 289 2884 373 2935; x_wconf 76' lang='lat' dir='ltr'>‚ipso</span> <span class='ocrx_word' id='word_1_492' title='bbox 387 2884 545 2923; x_wconf 89' lang='lat' dir='ltr'>introitu</span> <span class='ocrx_word' id='word_1_493' title='bbox 560 2886 645 2932; x_wconf 77' lang='lat' dir='ltr'>cjuS,</span> <span class='ocrx_word' id='word_1_494' title='bbox 675 2900 716 2924; x_wconf 85' lang='lat' dir='ltr'>ca</span> <span class='ocrx_word' id='word_1_495' title='bbox 735 2901 827 2936; x_wconf 87' lang='lat' dir='ltr'>quae</span> <span class='ocrx_word' id='word_1_496' title='bbox 842 2890 939 2941; x_wconf 88' lang='lat' dir='ltr'>apud</span> <span class='ocrx_word' id='word_1_497' title='bbox 961 2890 1181 2927; x_wconf 85' lang='lat' dir='ltr'>excellentes</span> <span class='ocrx_word' id='word_1_498' title='bbox 1202 2889 1357 2927; x_wconf 84' lang='lat' dir='ltr'>artifices</span> <span class='ocrx_word' id='word_1_499' title='bbox 1380 2889 1546 2934; x_wconf 81' lang='lat' dir='ltr'>excubat,</span> <span class='ocrx_word' id='word_1_500' title='bbox 1575 2889 1613 2924; x_wconf 73' lang='grc' dir='ltr'>ὃ(</span> <span class='ocrx_word' id='word_1_501' title='bbox 1640 2885 1738 2923; x_wconf 88' lang='lat' dir='ltr'>miris</span> <span class='ocrx_word' id='word_1_502' title='bbox 1761 2887 1883 2924; x_wconf 87' lang='lat' dir='ltr'>modis</span> 
     </span>
     <span class='ocr_line' id='line_1_50' title="bbox 290 2939 1884 2994; baseline 0.003 -19"><span class='ocrx_word' id='word_1_503' title='bbox 290 2939 521 2987; x_wconf 88' lang='lat' dir='ltr'>dominatur,</span> <span class='ocrx_word' id='word_1_504' title='bbox 548 2941 685 2978; x_wconf 86' lang='lat' dir='ltr'>invidia</span> <span class='ocrx_word' id='word_1_505' title='bbox 700 2953 877 2984; x_wconf 79' lang='lat' dir='ltr'>notatur3</span> <span class='ocrx_word' id='word_1_506' title='bbox 907 2945 1057 2982; x_wconf 88' lang='lat' dir='ltr'>nullum</span> <span class='ocrx_word' id='word_1_507' title='bbox 1080 2943 1180 2981; x_wconf 87' lang='lat' dir='ltr'>enim</span> <span class='ocrx_word' id='word_1_508' title='bbox 1201 2957 1319 2994; x_wconf 85' lang='lat' dir='ltr'>genus</span> <span class='ocrx_word' id='word_1_509' title='bbox 1333 2942 1532 2981; x_wconf 88' lang='lat' dir='ltr'>hominum</span> <span class='ocrx_word' id='word_1_510' title='bbox 1549 2954 1591 2979; x_wconf 86' lang='lat' dir='ltr'>ex</span> <span class='ocrx_word' id='word_1_511' title='bbox 1614 2940 1750 2980; x_wconf 85' lang='lat' dir='ltr'>invidia</span> <span class='ocrx_word' id='word_1_512' title='bbox 1769 2954 1884 2990; x_wconf 87' lang='lat' dir='ltr'>eaque</span> 
     </span>
     <span class='ocr_line' id='line_1_51' title="bbox 289 2994 1885 3048; baseline 0.003 -19"><span class='ocrx_word' id='word_1_513' title='bbox 289 2994 432 3041; x_wconf 84' lang='lat' dir='ltr'>acerba,</span> <span class='ocrx_word' id='word_1_514' title='bbox 463 2997 498 3032; x_wconf 73' lang='grc' dir='ltr'>ὅ(</span> <span class='ocrx_word' id='word_1_515' title='bbox 513 3005 689 3044; x_wconf 83' lang='lat' dir='ltr'>tanquam</span> <span class='ocrx_word' id='word_1_516' title='bbox 705 2995 929 3035; x_wconf 86' lang='lat' dir='ltr'>interneciva</span> <span class='ocrx_word' id='word_1_517' title='bbox 944 3001 1060 3048; x_wconf 88' lang='lat' dir='ltr'>magis</span> <span class='ocrx_word' id='word_1_518' title='bbox 1086 2999 1239 3036; x_wconf 89' lang='lat' dir='ltr'>laborat.</span> <span class='ocrx_word' id='word_1_519' title='bbox 1295 2996 1452 3035; x_wconf 88' lang='lat' dir='ltr'>Accedit</span> <span class='ocrx_word' id='word_1_520' title='bbox 1466 3007 1558 3034; x_wconf 82' lang='lat' dir='ltr'>nota</span> <span class='ocrx_word' id='word_1_521' title='bbox 1580 2997 1627 3033; x_wconf 91' lang='lat' dir='ltr'>de</span> <span class='ocrx_word' id='word_1_522' title='bbox 1645 3008 1778 3045; x_wconf 91' lang='lat' dir='ltr'>genere</span> <span class='ocrx_word' id='word_1_523' title='bbox 1797 3008 1885 3048; x_wconf 88' lang='lat' dir='ltr'>poe-</span> 
     </span>
     <span class='ocr_line' id='line_1_52' title="bbox 290 3047 1884 3102; baseline 0.001 -17"><span class='ocrx_word' id='word_1_524' title='bbox 290 3060 361 3089; x_wconf 82' lang='lat' dir='ltr'>nae</span> <span class='ocrx_word' id='word_1_525' title='bbox 381 3047 524 3088; x_wconf 68' lang='lat' dir='ltr'>inflisto</span> <span class='ocrx_word' id='word_1_526' title='bbox 543 3049 666 3088; x_wconf 88' lang='lat' dir='ltr'>minus</span> <span class='ocrx_word' id='word_1_527' title='bbox 679 3050 829 3102; x_wconf 89' lang='lat' dir='ltr'>politice</span> <span class='ocrx_word' id='word_1_528' title='bbox 846 3053 881 3088; x_wconf 71' lang='grc' dir='ltr'>δε</span> <span class='ocrx_word' id='word_1_529' title='bbox 896 3054 1051 3101; x_wconf 88' lang='lat' dir='ltr'>provide</span> <span class='ocrx_word' id='word_1_530' title='bbox 1068 3066 1076 3090; x_wconf 74' lang='grc' dir='ltr'>ε</span> <span class='ocrx_word' id='word_1_531' title='bbox 1106 3063 1147 3094; x_wconf 85' lang='lat' dir='ltr'>ut</span> <span class='ocrx_word' id='word_1_532' title='bbox 1163 3050 1372 3091; x_wconf 76' lang='lat' dir='ltr'>Daedalus</span> <span class='ocrx_word' id='word_1_533' title='bbox 1383 3052 1514 3089; x_wconf 79' lang='lat' dir='ltr'>exulet.</span> <span class='ocrx_word' id='word_1_534' title='bbox 1571 3050 1724 3089; x_wconf 86' lang='lat' dir='ltr'>Etenim</span> <span class='ocrx_word' id='word_1_535' title='bbox 1738 3050 1884 3102; x_wconf 85' lang='lat' dir='ltr'>opifices</span> 
     </span>
    </p>

    <p class='ocr_par' dir='ltr' id='par_1_11' title="bbox 1714 3103 1886 3158">
     <span class='ocr_line' id='line_1_53' title="bbox 1714 3103 1886 3158; baseline 0 -15"><span class='ocrx_word' id='word_1_536' title='bbox 1714 3103 1886 3158; x_wconf 80' lang='lat' dir='ltr'>praeclari</span> 
     </span>
    </p>
   </div>
  </div>
 </body>
</html>
