1973 3570
71 176 117 245 ‘3
128 170 187 227 28

524 155 1123 216 PARMEN1D1s‚
1193 151 1581 213 TELEsn,

257 260 479 321 plicationes
494 274 559 316 per
579 262 768 301 rationem
782 257 1004 311 probabiles.
1059 254 1264 302 Praeterea,
1283 252 1309 291 fi
1323 264 1443 292 unum
1458 253 1543 292 effer
1566 264 1693 293 rerum
1715 254 1847 307 princi,

261 326 385 375 pium,
399 322 577 360 debuerat
590 319 667 364 ejus
686 313 850 365 conspici
869 314 910 350 in
937 309 1114 349 omnibus
1142 310 1252 348 rebus
1279 319 1371 347 nota
1396 309 1594 357 quaedam,
1613 311 1651 347 ὃ(
1671 322 1850 361 tanquam

262 389 385 430 partes
398 377 576 429 potiores,
602 374 639 411 δε
665 368 990 422 praedominantia
1015 364 1223 405 nonnulla3
1262 374 1388 412 neque
1413 362 1575 401 inveniri
1601 365 1851 418 principatum

264 434 400 481 ullum,
419 430 524 481 quod
551 426 741 478 principio
767 435 810 461 ex
830 422 1018 459 diametro
1033 428 1258 472 opponatur.
1314 417 1439 456 Etiam
1457 419 1499 455 in
1522 418 1652 456 medio
1671 422 1852 462 collocari

264 488 456 534 debuerat,
470 495 512 524 ut
527 482 705 521 omnibus
719 475 956 518 commodius
970 473 1024 513 sui
1037 475 1186 526 copiam
1200 473 1350 520 faceret,
1378 474 1414 510 ὅ(
1428 484 1495 523 pet
1513 473 1699 512 ambitum
1727 475 1765 514 se
1784 476 1852 515 dif-

266 543 453 582 funderet.
508 538 563 577 At
585 537 725 575 horum
740 532 833 571 nihil
848 529 917 569 ess‘e
934 529 972 567 in
988 528 1060 566 illis
1073 529 1216 580 placitis
1230 528 1428 566 invenitur.
1485 527 1589 565 Nam
1602 538 1712 577 terra,
1726 542 1821 581 quae
1833 542 1855 569 a

265 595 439 651 principii
453 595 601 633 honore
618 589 813 640 separatur,
829 588 866 624 δε
882 583 1099 630 excluditur,
1122 583 1268 622 videtur
1289 580 1465 633 suscipere
1490 583 1528 619 &
1554 581 1683 621 fovere
1709 594 1855 626 naturas

266 653 341 691 illis
355 651 474 689 tribus
487 645 745 699 principalibus
771 639 965 692 oppositas,
989 650 1076 676 cum
1094 638 1140 676 ad
1169 636 1408 675 nobilitatem
1437 639 1473 675 &
1492 637 1657 675 lucidam
1684 649 1856 679 naturam
1880 678 1883 681 Α

266 708 378 758 ignis,
396 713 562 755 opponat
591 709 761 738 naturam
775 696 940 747 quietam
969 695 1006 731 δε
1034 703 1214 743 opacam;
1255 692 1301 730 ad
1329 690 1551 729 tenuitatem
1580 693 1618 729 ὃ(
1646 694 1856 734 mollitiem

257 759 369 808 aeris,
385 766 553 812 opponat
568 753 733 793 similiter
748 760 921 789 naturam
933 747 1087 785 densam
1102 749 1139 784 &
1152 747 1282 784 duram
1299 763 1313 789 ς
1343 748 1378 783 δε
1392 747 1439 783 ad
1453 745 1714 786 humiditatem
1744 750 1790 789 ὄι-
1805 749 1858 789 se-

274 817 501 866 quacitatem
520 820 648 859 aquae,
662 816 835 845 naturam
848 801 992 849 ficcam,
1006 800 1163 851 rigidam
1190 804 1227 839 &
1241 800 1431 850 asperam3
1473 811 1583 849 atque
1613 800 1687 852 ipsa
1705 815 1859 854 quoquc

274 881 375 908 terra
388 867 559 906 medium
573 865 704 902 locum
722 858 926 909 occuparit,
941 854 1092 893 caeteris
1111 855 1323 893 deturbatis,
1379 856 1515 903 Porro,
1542 854 1569 893 fi
1593 859 1749 896 unicum
1771 860 1859 899 αἰὲς·

273 935 399 963 rerum
414 919 651 974 principium,
667 916 844 954 debuerat
869 910 1016 949 &illud
1029 920 1114 949 tum
1127 909 1174 947 ad
1189 921 1316 948 rerum
1330 909 1624 960 generationem,
1645 923 1731 967 ²⁰¹¹!
1744 913 1789 952 ad
1803 926 1860 953 ω.

274 990 362 1017 rum
376 975 672 1018 dissolutionem,
690 979 849 1018 aequam
863 965 1036 1017 praebere
1058 974 1243 1003 naturam.
1298 966 1398 1002 Tam
1417 963 1520 1003 enim
1539 965 1587 1003 est
1608 968 1805 1020 principii,¹
1817 980 1861 1009 ut

274 1045 333 1071 res
351 1033 393 1073 in
407 1030 500 1069 illud
515 1028 716 1073 solvantur,
738 1034 851 1073 quam
867 1031 909 1059 ut
923 1032 980 1058 res
993 1032 1037 1058 ex
1055 1018 1124 1057 illo
1137 1020 1353 1070 gignantur.
1408 1019 1464 1057 At
1491 1019 1567 1058 hoc
1589 1032 1672 1060 non
1702 1022 1745 1061 fit
1755 1040 1772 1068 ⁵
1800 1024 1862 1063 scd

274 1099 320 1126 ex
335 1087 380 1125 iis
392 1083 614 1135 corporibus
628 1083 688 1119 aer
703 1076 851 1129 &ignis
868 1076 916 1114 ad
929 1076 1129 1113 materiam
1139 1074 1393 1124 generationis
1407 1074 1654 1125 praebendam
1669 1078 1796 1129 inepta
1813 1078 1864 1117 vj.

275 1142 426 1188 dentur,
449 1139 496 1177 ad
528 1148 663 1176 eorum
693 1133 966 1172 resolutionem
995 1129 1252 1181 excipiendam
1279 1140 1413 1180 parata.
1476 1128 1532 1167 At
1552 1142 1644 1182 aqua
1668 1141 1802 1172 contra
1816 1135 1864 1172 ad

277 1196 560 1248 generationem
583 1188 745 1240 benigna
763 1190 802 1226 &
821 1187 918 1225 alma
928 1203 944 1229 3
985 1184 1033 1222 ad
1060 1182 1332 1222 resolutionem
1359 1182 1430 1222 five
1457 1183 1727 1224 restitutionem
1747 1191 1865 1239 magis

275 1253 397 1290 aliena
411 1252 448 1287 &
461 1246 602 1287 aversa3
616 1244 653 1282 id
668 1243 773 1294 quod
786 1241 894 1280 facile
904 1249 1131 1286 cerneretur,
1145 1236 1172 1276 fi
1185 1239 1322 1277 imbres
1337 1238 1520 1289 paulisper
1531 1240 1717 1280 cess'arent.
1759 1240 1863 1295 Quin

274 1308 317 1345 <St
336 1303 558 1356 putrefastio
577 1300 652 1353 ipsa
670 1299 779 1338 nullo
793 1295 915 1335 modo
928 1306 985 1332 res
997 1294 1043 1332 ad
1058 1305 1193 1342 aquam
1214 1304 1348 1344 puram
1370 1294 1407 1331 ὅ(
1420 1293 1571 1332 crudam
1590 1294 1733 1345 redigit.
1791 1300 1864 1337 §cd

277 1362 395 1410 longe
408 1359 593 1398 maximus
605 1367 723 1402 error,
742 1352 847 1403 quod
861 1349 1134 1389 constituerunt
1147 1346 1371 1398 principium
1386 1348 1625 1398 corruptibile
1640 1352 1677 1388 &
1690 1355 1863 1391 mortale.

278 1416 322 1454 Id
341 1416 445 1453 enim
459 1411 610 1459 faciunt,
631 1421 719 1448 eum
738 1405 967 1459 principium
980 1402 1230 1442 introducunt
1253 1403 1340 1450 tale,
1368 1403 1473 1452 quod
1499 1413 1672 1442 naturam
1700 1405 1803 1446 suam
1824 1407 1865 1446 jn

272 1466 493 1521 compositis
511 1466 650 1504 deserat
672 1465 710 1501 ὅ(
733 1463 907 1513 deponat.

442 1547 554 1590 Nam
571 1544 817 1601 quodcunque
835 1541 924 1596 fitis
938 1547 1131 1581 mutatum
1147 1538 1296 1593 finibus
1319 1542 1417 1591 exit,

443 1604 634 1644 Continuo
646 1601 717 1642 hoc
738 1611 840 1640 mors
854 1596 906 1650 cst
923 1593 1045 1646 illius,
1065 1595 1168 1652 quod
1175 1594 1269 1650 fuit
1286 1603 1390 1635 ante.

328 1694 520 1736 vVERUM
542 1691 616 1730 hoc
637 1688 781 1729 ratione
804 1685 920 1735 magis
947 1683 1057 1722 nobis
1084 1696 1177 1737 opus
1192 1686 1262 1722 erit
1281 1684 1401 1723 statim
1416 1697 1504 1723 cum
1532 1687 1575 1723 ad
1592 1687 1695 1725 illam
1714 1689 1865 1727 tertiam

275 1751 425 1797 rectam,
445 1758 538 1798 quae
559 1748 662 1798 plura
676 1743 839 1783 decrevit
854 1751 982 1778 rerum
995 1739 1185 1790 principia,
1204 1739 1327 1777 sermo
1346 1741 1422 1786 jam
1451 1740 1582 1778 ordine
1611 1743 1780 1781 devectus
1802 1743 1867 1786 fit3

277 1818 375 1856 quae
388 1814 489 1842 certe
505 1801 596 1839 secta
610 1802 691 1851 plus
706 1797 853 1836 roboris
875 1794 1010 1834 habere
1036 1794 1154 1832 videri
1181 1791 1307 1844 possit,
1331 1796 1413 1844 plus
1444 1797 1656 1845 praejudicii
1685 1808 1784 1835 certe
1807 1799 1867 1836 ha-

274 1862 357 1899 bet.
411 1860 540 1907 Itaque
562 1856 608 1894 ad
623 1855 824 1905 opiniones
837 1861 919 1889 non
934 1847 1138 1887 secundum
1151 1861 1269 1899 genus
1284 1851 1322 1887 δ(
1343 1851 1385 1888 in
1400 1853 1613 1899 communi,
1635 1851 1696 1890 sed
1710 1850 1868 1903 lingulas

279 1915 510 1954 accedemus.

332 1972 419 2009 ITA
430 1977 532 2020 QUI-2
554 1963 662 2012 exiis,
678 1962 742 2014 qui
754 1962 859 2013 plura
876 1958 1055 2013 principia
1069 1960 1254 2007 dixerunt,
1278 1958 1522 2010 separabimus
1549 1973 1614 1999 eos
1636 1964 1701 2011 qui
1724 1960 1868 2000 infinita

279 2024 452 2064 afferunt.
507 2021 575 2061 Ille
588 2019 692 2058 enim
711 2021 816 2057 locus
830 2017 876 2054 de
891 2014 1044 2053 infinito
1058 2016 1103 2053 ad
1130 2015 1346 2065 parabolam
1374 2013 1479 2053 Coeli
1499 2017 1668 2068 pertinet.
1724 2018 1868 2056 Verum

279 2092 327 2118 ex
352 2076 510 2127 antiquis
538 2071 795 2114 Parmenides
814 2072 892 2109 duo
913 2081 1038 2107 rerum
1068 2069 1256 2122 principia,
1276 2072 1405 2121 ignem
1428 2073 1466 2108 &
1492 2083 1642 2120 terram,
1665 2072 1770 2120 dixit,
1797 2069 1869 2110 sive

282 2135 436 2172 coelum
451 2134 488 2170 ὅ(
502 2142 653 2170 terram.
711 2129 840 2167 Solem
855 2125 960 2163 enim
984 2126 1020 2162 δε
1035 2123 1161 2172 fidei-a,
1183 2137 1314 2163 verum
1329 2127 1457 2175 ignem
1485 2127 1554 2164 effe
1580 2127 1738 2173 asseruit,
1766 2139 1867 2166 eum-

283 2202 358 2241 que
385 2199 523 2238 purum
547 2188 585 2223 &
611 2183 824 2236 limpidum,
848 2192 931 2218 non
962 2179 1198 2230 degenerem,
1219 2182 1337 2229 qualis
1364 2181 1460 2232 apud
1489 2194 1560 2219 nos
1589 2182 1636 2220 est
1658 2185 1765 2232 ignis,
1790 2184 1869 2231 qui,

283 2254 464 2292 tanquam
479 2238 675 2281 Vulcanus
695 2238 736 2277 in
749 2247 887 2275 terram
905 2234 1077 2282 dejectus,
1102 2248 1145 2273 ex
1164 2235 1248 2273 casu
1268 2236 1458 2274 claudicat.
1514 2234 1766 2276 Parmenidis
1779 2249 1872 2276 vero

282 2297 416 2349 placita
431 2297 639 2334 instauravit
660 2294 805 2332 saeculo
819 2289 948 2329 nostro
963 2285 1137 2340 Telcjsius,
1156 2290 1210 2330 vir
1237 2289 1486 2341 Peripateticis
1515 2293 1724 2331 rationibus
1751 2290 1793 2343 (fi
1807 2293 1870 2330 ali-

279 2353 376 2404 ·quid
396 2353 481 2390 illae
498 2350 625 2398 effent)
647 2359 780 2399 potens
796 2350 831 2385 ὃ(
846 2343 1048 2392 instructus,
1063 2358 1152 2394 quas
1166 2345 1279 2384 etiam
1301 2347 1342 2384 in
1363 2345 1448 2383 illos
1468 2346 1565 2396 ipsos
1579 2349 1711 2389 vertit3
1740 2347 1801 2385 sed
1819 2348 1870 2386 af-

282 2407 472 2445 firmando
487 2405 700 2458 impedituS,
720 2406 757 2442 ὅ(
771 2399 997 2440 destruendo
1012 2412 1126 2449 quam
1140 2399 1338 2438 astruendo
1353 2401 1500 2438 melior.
1543 2400 1653 2454 Ipsius
1666 2414 1758 2440 vero
1769 2400 1870 2440 Par-

285 2458 449 2499 menidis
461 2460 704 2498 inventorum
722 2468 829 2508 parca
854 2454 1064 2493 admodum
1087 2456 1124 2492 ὅ(
1151 2455 1319 2506 perexilis
1333 2455 1527 2494 memoria.
1582 2457 1767 2495 Attamen
1787 2457 1871 2495 fun-

288 2515 463 2553 damenta
491 2512 613 2551 similis
653 2510 846 2563 opinionis
881 2511 992 2563 plane
1024 2510 1116 2556 jacta
1150 2509 1323 2548 videntur
1356 2509 1393 2548 in
1424 2509 1535 2559 libro,
1562 2524 1676 2561 quem
1709 2510 1874 2550 Plutar-

286 2565 384 2608 chus
404 2570 451 2606 de
479 2571 603 2619 primo
628 2568 769 2618 frigido
793 2562 1006 2615 conscripsit
1018 2582 1033 2608 ,-
1069 2565 1134 2614 qui
1153 2565 1326 2603 tractatus
1345 2564 1490 2604 videtur
1509 2578 1553 2603 ex
1572 2566 1697 2616 aliquo
1714 2567 1872 2605 tractatu

286 2621 458 2672 antiquo,
485 2622 549 2673 qui
575 2634 667 2662 tunc
687 2623 870 2675 temporis
892 2620 1060 2667 exstabat,
1088 2620 1165 2665 jam
1195 2622 1319 2672 periit,
1351 2620 1554 2670 descriptus
1580 2624 1617 2659 ὅ(
1644 2620 1870 2671 desumptus.

286 2679 408 2717 Habet
423 2679 527 2714 enim
547 2689 627 2715 non
647 2689 762 2729 pauca
781 2679 819 2715 &
833 2676 1049 2714 acutiora&
1062 2674 1240 2722 firmiora,
1264 2687 1379 2724 quam
1398 2674 1522 2713 solent
1546 2675 1614 2713 esse
1641 2676 1805 2713 authoris
1820 2678 1872 2731 ip-

286 2729 371 2781 sius,
392 2733 458 2781 qui
477 2733 694 2781 eavulgavit
704 2750 718 2776 ‚-
748 2744 768 2769 a
788 2730 924 2781 quibus
950 2728 1118 2768 monitus
1143 2740 1255 2778 atque
1275 2729 1449 2767 excitatus
1465 2730 1610 2768 videtur
1633 2726 1674 2767 T
1668 2728 1723 2768 ele
1735 2742 1806 2778 ms,
1830 2742 1872 2770 ut

281 2798 332 2825 ea
351 2788 388 2825 ὃ(
406 2784 563 2824 studiose
577 2788 753 2835 arriperet
769 2788 805 2824 &
819 2786 962 2824 strenue
974 2784 1252 2835 persequeretur
1265 2786 1306 2822 in
1321 2784 1391 2822 suis
1411 2785 1458 2822 de
1472 2795 1602 2822 natura
1629 2797 1754 2822 rerum
1768 2797 1874 2825 com-

285 2841 494 2880 mentariis.
545 2839 680 2878 Placita
703 2851 829 2880 autern
848 2840 958 2886 hujus
984 2839 1100 2877 seciae
1119 2838 1203 2877 sunt
1218 2838 1442 2885 hujusmodi.
1496 2840 1637 2876 Primas
1661 2839 1802 2877 formas
1831 2852 1874 2878 ac

288 2897 410 2948 prima
436 2892 535 2936 entia
561 2894 688 2940 aeiiva,
716 2906 826 2944 atque
858 2894 954 2933 adeo
980 2893 1116 2944 primas
1139 2893 1362 2941 substantias,
1388 2895 1554 2932 calorem
1577 2895 1614 2930 ὃς
1641 2892 1756 2943 frigus
1774 2894 1843 2932 effe
1857 2913 1871 2939 ,-

285 2951 424 2988 eadem
443 2947 690 2987 nihilominus
704 2951 927 3001 incorporea
954 2949 1125 2991 existere;
1165 2948 1228 2986 sed
1258 2948 1395 2987 subess'e
1422 2947 1614 2985 materiam
1641 2946 1815 2997 passivam
1836 2953 1874 2988 &

287 3005 549 3055 potentialem,
564 3015 658 3053 quae
677 3014 898 3053 corpoream
927 3004 1074 3041 molem
1087 2997 1270 3053 praebeat,
1294 3013 1405 3051 atque
1431 2999 1473 3039 sit
1501 3003 1694 3051 utriusque
1722 3014 1874 3042 naturae

284 3069 334 3098 ex
347 3065 470 3111 aequo
482 3057 694 3112 susceptiva,
726 3055 802 3111 ipsa
829 3058 956 3097 omnis
983 3057 1139 3097 actionis
1157 3069 1294 3110 expers,
1348 3058 1490 3098 Lucem
1512 3057 1799 3108 pullulationem
1817 3070 1873 3096 ca-

1787 3115 1875 3151 loris
