1973 3570
88 242 208 293 *260-

369 223 467 281 DE
504 217 1322 278 'INTERPR'ETATIONE
1358 216 1763 270 NATURAE,

278 335 508 373 literatorum
528 334 587 373 vel
612 329 776 370 civilium
790 327 958 365 virorum
973 321 1156 361 conviviis
1179 321 1379 368 sermones,
1407 323 1465 358 vel
1493 323 1605 359 etiam
1622 321 1855 360 sermonibus

274 390 501 442 quotidianis
517 387 671 433 gratiam
695 388 915 422 &amorem
937 376 1208 416 subministrare
1225 376 1385 426 potuisti.
1442 377 1586 414 Verum
1612 388 1709 413 cum
1727 380 1856 415 verita-

274 456 352 481 tem
378 428 560 482 humanae
581 442 718 478 mentis
732 438 907 482 incolam,
928 434 1043 471 veluti
1062 432 1279 481 indigenam
1295 443 1364 468 nec
1378 429 1526 468 aliunde
1541 429 1856 479 commigrantem

274 502 497 545 mentireris,
516 495 733 545 animosque
749 490 893 529 nostros
907 489 951 526 ad
966 488 1156 524 historiam
1180 488 1216 523 ὅ(
1240 498 1296 523 res
1325 485 1416 535 ipsas
1432 496 1627 532 nunquam
1648 484 1730 521 satis
1744 487 1856 537 appli-

270 565 373 592 catos
391 557 428 591 δε
442 553 610 591 redustos
624 559 815 592 averteres,
835 557 875 582 ac
892 543 927 580 se
943 541 1165 591 subingredi,
1189 553 1231 577 ac
1251 542 1291 577 in
1320 540 1390 578 suis
1411 540 1524 577 caecis
1548 542 1584 576 ὃ(
1598 538 1858 587 confusissimis

272 609 384 646 idolis
399 607 564 646 volutare
585 600 910 651 contemplationis
926 596 1082 634 nomine
1111 596 1272 642 docereS,
1293 606 1376 633 tum
1394 595 1549 631 demum
1575 594 1741 631 fraudem
1763 597 1857 646 capi-

273 665 388 700 talem
406 660 582 699 admifisti.
638 658 785 696 Deinde
801 654 913 692 etiam
939 663 981 689 tu
1001 651 1134 688 scelere
1162 650 1259 687 haud
1283 652 1431 686 minore
1457 648 1627 686 stultitiae
1642 648 1858 697 apotheosin

272 716 502 755 introduxisti
545 710 785 752 &vilissimas
805 708 1050 758 cogitationes
1079 704 1260 753 religione
1284 706 1433 741 munire
1461 703 1565 741 ausus
1580 716 1627 740 es.
1684 705 1787 740 Nam
1809 705 1858 740 lc-

271 771 352 809 vius
368 748 584 815 rnalmasest,
605 767 706 819 quod
735 765 1021 814 philologorum
1051 771 1180 808 parens
1209 758 1366 805 extitisti,
1395 771 1436 795 ac
1464 768 1533 795 tuo
1555 758 1667 795 duCtu
1688 761 1723 794 ὃ(
1746 757 1859 809 auspi-

271 828 338 862 ciis
353 824 502 876 plurimi
517 822 656 867 ingenii
670 822 768 857 fama
788 820 823 854 ἅ
840 814 1066 864 cognitionis
1087 825 1212 849 rerum
1239 812 1406 863 populari
1436 815 1472 850 δε
1502 812 1611 849 molli
1631 813 1859 857 jucunditate

273 882 371 929 capti
388 883 423 916 ὃς
439 863 608 915 contenti
631 873 851 912 severiorem
869 872 946 907 veri
963 867 1305 918 pervestigationem
1330 879 1588 918 corruperunt.
1645 869 1745 904 Inter
1764 879 1860 916 quos

274 935 375 971 fuere
392 931 554 970 Marcus
570 931 713 974 Cicero,
748 930 784 964 ὃς
800 922 986 963 Annaeus
1012 920 1164 968 Seneca,
1195 925 1232 958 &
1257 920 1501 959 Plutarchus
1521 921 1798 968 Chaeronaeus,
1822 925 1860 959 ὃ(

273 989 487 1024 complures
502 988 564 1023 alii
580 985 799 1031 neutiquam
816 981 871 1017 his
888 990 1000 1030 pares.
1045 978 1083 1014 N
1088 988 1162 1013 unc
1176 977 1221 1013 acl
1236 976 1402 1013 medicos
1417 988 1632 1025 pergamus:
1662 976 1774 1013 video
1784 976 1859 1014 Ga-

273 1025 410 1088 lemtim,
436 1043 558 1079 virum
587 1033 825 1087 angustissimi
854 1032 981 1079 animi,
1015 1030 1241 1068 desertorem
1273 1033 1528 1081 experientiae,
1562 1033 1599 1068 ὅ(
1620 1028 1862 1069 vaniffimum

271 1096 514 1134 causatorcm.
571 1098 695 1139 Tunc,
712 1088 869 1135 Calene,
885 1088 913 1125 is
928 1100 977 1134 eS,
993 1088 1058 1134 qui
1073 1085 1505 1134 medicorunsinscitiam
1519 1084 1739 1123 &desidiam
1747 1088 1860 1123 etiam

271 1150 447 1188 infamiae
461 1150 601 1196 eximis,
632 1152 668 1185 δ(
691 1149 731 1183 in
747 1155 834 1182 tuto
849 1144 1023 1187 collocas,
1044 1142 1127 1177 artis
1149 1152 1191 1177 ac
1225 1137 1338 1178 officii
1361 1152 1497 1178 eorum
1522 1140 1649 1178 finitor
1677 1138 1859 1190 ignaui-ffi-

270 1208 373 1243 mus?
402 1205 477 1257 Qui
491 1216 550 1242 tot
570 1204 725 1241 morbos
743 1199 960 1236 insanabiles
978 1194 1184 1242 statuendo,
1207 1205 1266 1232 tot
1290 1205 1535 1245 aegrotorum
1566 1198 1684 1246 capita
1704 1196 1861 1248 proscri-

273 1259 340 1307 bis,
365 1261 576 1311 horumque
608 1259 720 1309 spem,
745 1256 900 1291 illorum
936 1249 1147 1288 industriam
1180 1250 1383 1299 praecidis?
1420 1252 1457 1287 O
1476 1253 1656 1297 cani-cula,
1692 1264 1718 1299 o
1734 1251 1861 1301 pestis!

273 1316 338 1352 Tu
352 1314 532 1351 mistionis
551 1321 815 1351 commentum
831 1318 983 1344 naturae
1012 1307 1330 1356 praerogativarum
1372 1315 1414 1342 tu
1434 1304 1530 1342 inter
1553 1307 1695 1343 calores
1717 1306 1796 1343 astri
1825 1309 1863 1344 δ(

273 1369 370 1419 ignis
386 1369 605 1407 seditionem
621 1366 725 1405 avide
748 1363 921 1413 arripiens
951 1364 987 1398 ὃς
1020 1358 1217 1405 ostentans,
1241 1359 1377 1407 ubique
1409 1360 1614 1397 humanam
1641 1360 1861 1410 potestatem

274 1424 460 1461 malitiose
476 1426 514 1461 in
530 1425 703 1461 ordinem
720 1417 862 1467 redigis,
887 1419 923 1453 ὃ(
952 1413 1203 1464 ignorantiam
1232 1413 1483 1465 desperatione
1502 1413 1541 1450 in
1568 1425 1762 1452 aeternum
1781 1428 1862 1454 mu-

276 1478 358 1516 nire
373 1480 485 1530 cupis.
541 1480 605 1515 Do
620 1474 833 1524 indignitati
853 1482 936 1508 tuae
951 1482 999 1506 ne
1014 1479 1050 1505 te
1066 1468 1222 1519 amplius
1237 1480 1372 1506 morer.
1416 1468 1592 1506 Abducas
1604 1472 1716 1507 etiam
1735 1481 1865 1508 tecum

276 1535 363 1570 licet
385 1533 505 1570 socios
524 1542 607 1569 tuos
623 1534 658 1568 δ(
678 1529 888 1567 foederatos
907 1521 1060 1562 Arabes
1075 1522 1429 1574 dispensatoriorum
1449 1524 1678 1571 conditores,
1704 1528 1768 1574 qui
1783 1528 1861 1578 pari

275 1600 362 1625 cum
388 1587 537 1625 caeteris
557 1589 595 1623 in
611 1585 765 1623 theoriis
787 1582 950 1618 amentia
974 1575 1157 1629 copiosius
1176 1579 1330 1626 quidem
1352 1591 1371 1615 e
1392 1575 1627 1631 supiniflimis
1641 1580 1862 1627 conjeCruris

274 1643 548 1680 medicinarum
564 1641 770 1689 vulgarium
781 1634 946 1686 pollicita
961 1635 1077 1682 magis
1092 1644 1206 1680 quam
1221 1633 1350 1670 auxilia
1365 1634 1622 1685 composuere.
1681 1637 1721 1673 N
1724 1648 1765 1673 ec
1780 1648 1861 1674 non

276 1709 364 1747 cape
379 1700 536 1734 comites
551 1692 843 1746 perfunstoriam
866 1688 1148 1727 neotericorum
1172 1689 1333 1725 turbam.
1389 1691 1489 1726 Heus
1504 1691 1768 1728 nomenclator
1782 1692 1861 1742 sug-

276 1754 380 1802 gere!
415 1753 536 1800 Atqui
559 1751 768 1800 respondet,
798 1759 844 1783 ne
869 1744 1001 1793 dignos
1030 1743 1098 1780 css'e
1122 1754 1288 1790 quorum
1321 1746 1480 1780 nomina
1503 1755 1638 1781 teneat.
1697 1747 1792 1784 Sane
1817 1757 1862 1784 ut

275 1810 375 1845 ‘mter
396 1805 652 1852 hujuscemodi
666 1813 865 1853 nugatores
884 1800 1017 1849 gradus
1032 1797 1211 1846 quosdam
1232 1799 1407 1847 agnosco,
1423 1795 1622 1848 pessimum
1639 1801 1674 1835 &
1688 1800 1862 1839 absurdis-

276 1861 409 1899 simum
427 1874 541 1905 genus
557 1873 703 1905 corum,
732 1858 795 1906 qui
811 1854 996 1892 methodo
1018 1856 1054 1890 ὃ(
1073 1852 1298 1902 acribologia
1320 1853 1524 1892 universam
1548 1864 1666 1891 artem
1693 1867 1862 1908 compre-

276 1902 460 1963 hendunt,
482 1917 615 1965 quibus
629 1916 744 1963 vulgo
763 1912 813 1949 ob
833 1908 1089 1947 elocutionem
1118 1911 1154 1944 &
1182 1907 1357 1945 ordinem
1384 1909 1641 1958 applauditur3
1678 1912 1794 1961 qualis
1813 1911 1863 1949 est

277 1969 487 2008 Fernelms.
512 1973 514 1975 ’
546 1972 675 2007 Minus
691 1965 930 2005 incommodi
947 1964 1043 2010 sunt,
1070 1964 1134 2011 qui
1150 1964 1335 2008 majorem
1351 1963 1652 2001 observationum
1667 1967 1703 2002 ὅ(
1723 1966 1862 2015 experi-

278 2036 499 2063 mentorum
514 2027 728 2062 varietatem
758 2025 793 2059 ὃς
822 2021 1088 2071 proprietatem
1110 2018 1320 2065 ostendunt,
1341 2018 1426 2056 licet
1454 2016 1664 2056 stultissimis
1687 2021 1862 2059 causatio-

280 2081 392 2117 nibus
423 2079 578 2117 dilutam
596 2082 632 2116 δε
660 2076 886 2122 immersam,
915 2084 956 2111 ut
973 2070 1171 2111 Arnoldzts
1194 2071 1240 2110 de
1257 2072 1364 2112 Villa
1380 2072 1515 2119 Nova,
1532 2077 1568 2111 &
1587 2075 1648 2110 alii
1674 2075 1711 2112 id
1733 2086 1862 2125 genus.

280 2137 436 2174 Intueor
449 2135 494 2172 ab
511 2136 622 2171 altera
642 2144 741 2182 parte
758 2132 954 2168 cohortem
970 2127 1244 2177 chymistarum,
1262 2128 1358 2166 inter
1373 2141 1467 2180 quos
1487 2128 1522 2165 se
1542 2140 1628 2166 ante
1647 2129 1738 2167 alios
1752 2131 1860 2175 jactat

281 2187 528 2240 Paracelfits,
544 2191 608 2236 qui
622 2189 769 2225 audacia
790 2187 926 2222 meruit
955 2194 995 2221 ut
1019 2183 1210 2232 separatim
1226 2188 1450 2222 coerceatur.
1506 2184 1634 2235 Atque
1660 2183 1863 2237 superiores

278 2244 345 2291 illi,
369 2257 462 2293 quos
482 2244 602 2280 modo
617 2241 900 2293 perstrinximus,
918 2239 1122 2285 mendacia,
1149 2249 1190 2276 tu
1213 2238 1386 2276 monstra.
1442 2240 1547 2291 Quae
1570 2249 1612 2276 tu
1639 2242 1751 2277 novis
1778 2243 1861 2279 Bac—

279 2298 339 2336 chi
359 2300 506 2336 oracula
529 2298 565 2335 in
583 2299 791 2335 meteoricis
819 2295 955 2340 fundis,
978 2294 1124 2330 aemule
1148 2292 1311 2345 Epicuri
1327 2292 1348 2331 ,9
1381 2294 1446 2330 llle
1466 2304 1591 2330 tamen
1612 2293 1650 2330 in
1670 2295 1737 2332 hac
1759 2306 1862 2349 parte

280 2364 458 2402 tanquam
474 2352 741 2390 indormiscens
757 2354 791 2387 ὅ(
808 2349 903 2386 aliud
926 2361 1035 2398 agens
1058 2348 1255 2399 opiniones
1276 2348 1389 2385 veluti
1413 2348 1503 2385 sorti
1525 2351 1743 2388 committit.
1799 2354 1863 2389 Tu

280 2408 387 2444 omni
408 2409 503 2445 sorte
518 2407 660 2444 stultior
681 2407 718 2443 in
733 2401 977 2443 absurdissimi
994 2403 1168 2454 cujusque
1185 2402 1368 2440 mendacii
1384 2404 1493 2440 verba
1510 2404 1630 2448 jurare
1653 2416 1796 2455 paratus
1810 2419 1860 2444 es.

281 2463 425 2499 Vei-um
453 2464 521 2499 alia
550 2473 612 2499 tua
628 2461 824 2498 videamus.
880 2460 981 2509 Qaas
1009 2469 1049 2494 tu
1067 2458 1255 2495 fruCtuum
1283 2459 1560 2495 elementorum
1583 2469 1738 2497 tuorum
1765 2460 1863 2498 inter

282 2516 317 2553 se
342 2516 577 2562 imitationes,
619 2529 708 2563 quas
739 2513 1095 2565 correspondentias,
1139 2524 1233 2561 quae
1267 2514 1438 2563 parallela
1467 2513 1640 2559 somnias,
1669 2515 1862 2553 idolorum

279 2572 503 2619 coniugator
526 2572 704 2608 fanatice?
737 2573 837 2606 Nam
858 2569 1056 2605 hominem
1072 2566 1208 2604 scilicet
1227 2567 1507 2618 pantomimum
1522 2567 1681 2605 effecisti.
1737 2571 1862 2622 Qam

281 2627 465 2673 praeclare
481 2636 603 2663 autem
623 2625 707 2662 sunt
730 2624 1049 2673 interpunetiones
1063 2623 1160 2668 illae,
1181 2621 1313 2670 quibus
1330 2633 1481 2659 naturae
1496 2624 1678 2660 unitatem
1694 2624 1862 2672 lacerasti,

284 2678 416 2729 species
441 2679 621 2716 nimirum
650 2682 759 2717 tuae?
802 2681 927 2730 Quare
956 2676 1097 2714 facilius
1127 2675 1316 2714 Galemmz
1352 2677 1435 2714 fero
1459 2678 1643 2714 elementa
1680 2677 1740 2715 sua
1769 2691 1863 2731 pon-

282 2736 487 2780 derantem,
505 2747 614 2781 quam
629 2745 665 2771 te
689 2732 832 2771 somnia
855 2743 917 2769 tua
936 2742 1147 2769 ornantem.
1204 2733 1315 2769 Illum
1332 2731 1434 2769 enim
1457 2732 1623 2768 occultae
1638 2745 1764 2769 rerum
1779 2747 1861 2785 pro—

284 2790 467 2839 prietates,
501 2799 537 2824 te
565 2800 785 2825 comumnes
813 2790 849 2823 ὅ(
883 2786 1112 2837 promiscuae
1139 2785 1329 2837 qualitates
1354 2787 1550 2836 exagitant.
1607 2789 1691 2824 Nos
1712 2787 1865 2826 interim

286 2843 451 2888 miseros,
478 2844 541 2890 qui
567 2841 755 2879 interram
772 2842 917 2879 odiosas
931 2841 1083 2889 ineptias
1102 2842 1289 2891 degimus!
1328 2839 1602 2889 Principiorum
1626 2851 1752 2878 autem
1779 2845 1865 2880 tria-

286 2899 387 2944 dem,
408 2906 670 2934 commentum
697 2897 792 2934 haud
814 2896 863 2934 ita
885 2896 1034 2947 prorsus
1057 2895 1186 2933 inutile
1211 2898 1247 2934 ὅ(
1275 2896 1382 2933 rebus
1403 2896 1523 2942 aliqua
1551 2906 1593 2931 ex
1618 2906 1720 2946 parte
1752 2896 1864 2935 finiti-

285 2964 406 2998 mum,
431 2963 542 3000 quam
562 2953 775 2999 importune
804 2950 961 2988 inculcat
991 2951 1110 2987 homo
1130 2951 1351 3002 imposturae
1369 2944 1632 2998 peritiffimus?
1673 2951 1777 2988 Audi
1805 2953 1864 2989 ad-

286 3006 357 3043 hue
379 3006 534 3043 crimina
557 3003 733 3055 graviora.
789 3007 849 3041 Tu
876 3005 999 3042 divina
1014 3006 1250 3052 naturalibus,
1280 3004 1387 3041 sacris
1405 3002 1570 3055 profana,
1600 3004 1729 3042 fabulis
1744 3006 1863 3044 haere-

284 3060 335 3097 ses
351 3061 555 3106 miscendo,
580 3061 775 3098 veritatem
792 3058 979 3108 (sacrilege
1003 3059 1195 3110 impostor)
1221 3069 1302 3096 tum
1318 3058 1534 3103 humanam,
1554 3068 1635 3097 tum
1652 3060 1863 3109 religiosam

283 3114 451 3165 polluisti.
509 3117 570 3153 Tu
583 3115 710 3153 lumen
727 3123 876 3152 naturae
905 3113 1025 3164 (cujus
1041 3110 1305 3153 sanstiffimum
1320 3123 1466 3151 nomen
1493 3115 1606 3152 toties
1629 3113 1778 3166 impuro
1799 3127 1866 3152 ore

854 3165 858 3170 ’
1701 3169 1865 3220 usurpas).
