1973 3570
141 343 668 394 DESCRIPTIO
707 345 934 392 GLossr
970 345 1616 401 INTELLECTUAL„
1763 371 1859 422 295

85 456 252 507 gandum
283 453 328 489 de
354 452 583 489 coelestibus.
642 453 834 489 Postremo
854 453 1122 503 praecipiemus
1137 454 1324 490 nonnulla
1339 466 1421 492 non
1439 453 1561 493 solum
1577 457 1624 495 de
1640 470 1688 498 co

85 511 188 560 quod
204 510 332 557 quaeri
346 517 532 556 oporteat,
550 507 609 544 sed
627 509 662 544 δε
683 508 728 544 de
745 509 831 553 hoc,
858 508 1059 558 quomodo
1086 506 1245 555 quaesita
1269 508 1429 547 debcant
1450 509 1631 560 pcnfitari,
1652 526 1686 551 e—

85 565 176 603 tiam
196 563 375 608 exhiberi,
400 573 510 611 atquc
527 564 565 599 in
594 564 718 599 literas
748 561 888 608 referri,
909 574 957 599 ne
978 561 1117 614 primae
1138 561 1386 611 inquisitionis
1399 565 1591 614 diligentia
1605 581 1685 620 pcr-

85 630 143 658 cat
158 622 197 657 in
216 614 453 663 successione,
477 628 538 654 aut
553 618 656 665 quod
674 619 774 667 pejus
789 615 848 664 est,
861 617 1018 654 infirmis
1033 620 1070 654 &
1084 617 1273 655 fallacibus
1290 619 1405 655 initiis
1419 619 1587 659 nitantur
1598 635 1683 673 pro-

82 676 220 725 gressus
234 672 296 721 qui
314 672 520 721 sequentur.
569 673 612 709 In
630 672 786 720 summa,
802 671 966 710 dicemus
981 675 1018 710 ὅ(
1033 673 1078 710 ad
1093 672 1182 722 quid
1198 675 1325 722 quaeri
1341 674 1474 713 debeat
1489 678 1589 716 circa
1600 691 1681 717 coe-

84 729 193 778 lestia,
217 731 254 766 &
270 728 374 776 quid,
403 729 439 764 δε
455 728 668 776 quomodo.

699 908 739 958 C
776 913 820 959 A
855 913 904 958 P.
982 913 1059 958 VI.

80 1027 218 1107 Qeod
233 1028 494 1103 quaestiones
510 1035 821 1102 philosophicae
841 1041 963 1085 circa
984 1035 1189 1100 coelestia,
1213 1042 1348 1085 etiam
1371 1058 1482 1105 quae
1492 1052 1681 1107 praeter

145 1111 382 1172 opinionem
398 1106 530 1172 sunt,
551 1105 612 1154 &03⁹
629 1107 932 1174 quodammodo
949 1108 1102 1164 durae,
1124 1113 1266 1172 recipi
1282 1109 1461 1158 debeant
1477 1132 1493 1157 .·
1520 1123 1679 1179 propo-

147 1193 320 1225 nuntur
342 1196 446 1226 vero
471 1181 662 1243 quinque
686 1176 949 1243 quaestiones
967 1175 1287 1241 circaspstema
1307 1179 1476 1244 ipsum3
1515 1183 1678 1232 videli-

147 1263 228 1304 cet,
246 1265 306 1294 an
317 1246 582 1312 sitſjaestema
600 1248 627 1293 ?
663 1245 738 1302 35⁹,
755 1248 882 1311 ststt,
903 1248 1091 1313 quoa'fit
1106 1263 1307 1296 centrum
1326 1251 1431 1313 ejus,
1454 1248 1515 1298 &⁹
1532 1255 1680 1317 qualis

137 1316 424 1383 profunditas
444 1315 504 1365 3⁹3⁹
522 1318 663 1383 qualis
678 1322 904 1375 connefssio,
923 1315 984 1367 &⁹
999 1318 1146 1385 qualis
1163 1324 1374 1383 partium
1392 1321 1644 1372 collocatio?

191 1454 686 1494 XISTIMABIMUR
715 1464 842 1492 autem
874 1455 1059 1504 plerisque
1087 1455 1340 1505 proculdubio
1370 1458 1542 1507 1·eliquias
1572 1473 1681 1509 quac-

77 1454 179 1560 E
207 1510 369 1548 stionum
389 1519 559 1547 veterum
576 1508 795 1561 jampridem
813 1508 912 1559 quasi
927 1511 1079 1548 tumulo
1100 1511 1271 1548 conditas
1305 1514 1342 1548 &
1370 1512 1527 1562 sepultas
1557 1516 1680 1553 rursus

77 1578 218 1613 cruere,
244 1569 279 1603 ὅ(
303 1566 379 1603 fere
403 1576 532 1602 manes
561 1577 687 1601 earum
711 1577 877 1612 evocare,
908 1565 1025 1612 iisque
1050 1577 1165 1603 novas
1188 1564 1333 1617 insuper
1358 1568 1586 1615 quaestiones
1620 1572 1680 1608 ad-

73 1621 255 1673 spergere.
315 1620 384 1658 Sed
406 1632 494 1656 cum
510 1632 562 1665 ca,
585 1632 682 1668 quae
701 1619 821 1657 adhuc
838 1620 991 1658 habetur
1006 1621 1102 1657 circa
1118 1619 1297 1667 coelestia,
1312 1621 1563 1672 philosophia,
1585 1624 1679 1662 nihil

74 1676 207 1714 habeat
228 1674 498 1715 firmitudinis3
525 1687 689 1726 eumque
705 1675 798 1711 illud
815 1674 922 1712 nobis
954 1685 1137 1725 perpetuo
1162 1686 1286 1712 ratum
1322 1678 1359 1714 ὃς
1381 1676 1497 1715 fixum
1525 1676 1580 1726 sit,
1597 1692 1677 1717 om-

73 1733 138 1768 nia
150 1744 256 1770 novo
271 1732 461 1780 legitimae
482 1730 711 1767 induffionis
739 1729 879 1775 judicio
902 1728 1019 1767 fistere
1036 1748 1049 1773 5
1079 1742 1241 1779 cumque
1272 1729 1296 1767 si
1322 1732 1421 1769 forte
1445 1734 1678 1782 quaestiones

73 1784 218 1835 aliquae
245 1799 265 1824 a
292 1796 402 1835 tergo
432 1786 704 1834 relinquantur,
733 1794 843 1822 tanto
872 1785 997 1822 minus
1027 1797 1161 1837 operae
1190 1784 1459 1835 &diligentiae
1479 1789 1675 1828 consume-

74 1850 140 1878 tur
165 1840 204 1878 in
226 1841 384 1887 historia,
409 1851 606 1889 propterea
621 1840 726 1889 quod
741 1840 1007 1890 supervacuum
1024 1840 1172 1877 fortass'e
1187 1841 1376 1878 videbitur
1403 1855 1444 1879 ea
1470 1841 1676 1893 inquirere,

74 1896 123 1933 de
136 1897 272 1948 quibus
285 1895 449 1944 quaestio
464 1908 545 1932 non
560 1895 670 1932 fuerit
686 1905 791 1932 mota
805 1913 820 1938 ‚-
849 1896 990 1933 necess'e
1006 1895 1184 1933 habemus
1203 1896 1446 1944 quaestiones,
1474 1910 1564 1946 quas
1593 1900 1672 1937 ubi-

74 1963 150 1999 que
163 1950 324 2001 porrigit
352 1962 479 1987 rerum
495 1960 637 1996 natura,
666 1949 704 1988 in
729 1962 861 1988 manus
885 1952 1062 2002 accipere.
1121 1950 1224 2001 Quin
1253 1964 1332 1999 quo
1356 1955 1482 1991 minus
1516 1957 1606 1991 certi
1623 1955 1678 1992 su-

73 2018 158 2043 mus
174 2006 221 2043 de
235 2005 510 2057 quaestionibus
539 2017 604 2054 per
619 2003 717 2043 viam
732 2005 895 2042 nostram
912 2003 1216 2052 determinandis,
1245 2019 1294 2043 eo
1326 2020 1397 2044 nos
1425 2010 1553 2050 minus
1583 2008 1678 2048 diffi-

75 2060 162 2098 ciles
173 2062 394 2113 praebemus
423 2061 462 2096 in
482 2058 610 2096 iisdem
627 2059 858 2110 recipiendis.
914 2060 1066 2099 Exitum
1094 2063 1199 2098 enim
1232 2063 1284 2098 rei
1314 2061 1492 2100 videmus.
1539 2064 1677 2103 “Prima

75 2115 189 2165 igitur
217 2128 258 2153 ea
283 2114 444 2167 quaestio
465 2116 524 2162 est,
558 2128 606 2152 an
631 2113 672 2152 fit
701 2115 853 2164 systema
873 2118 884 2152 ?
926 2118 1011 2154 Hoc
1033 2116 1093 2162 est,
1119 2129 1166 2153 an
1189 2117 1353 2155 mundus
1374 2116 1445 2155 five
1466 2118 1677 2158 universitas

72 2183 199 2209 rerum
214 2169 255 2208 fit
269 2169 427 2220 globosa
446 2169 652 2206 secundum
677 2180 817 2218 totum,
841 2172 944 2216 cujus
962 2169 1004 2208 fit
1034 2181 1208 2208 centrum
1238 2173 1390 2224 aliquod
1408 2175 1418 2207 ?
1461 2173 1526 2210 An
1547 2176 1674 2223 potius

76 2225 181 2275 globi
194 2226 430 2275 particulares
444 2235 563 2261 terrae
586 2227 621 2262 ὃς
641 2223 820 2262 astrorum
838 2225 1075 2275 spargantur3
1105 2228 1141 2263 &
1160 2225 1293 2276 singuli
1322 2227 1394 2264 suis
1413 2227 1588 2266 haereant
1614 2240 1679 2267 ra-‘

74 2281 229 2328 dic‘ibus,
250 2280 384 2329 absque
410 2279 599 2329 systemate
621 2281 803 2317 &medio
823 2278 893 2318 five
913 2291 1048 2318 centro
1069 2281 1281 2318 communi,
1346 2282 1477 2330 Atque
1497 2293 1598 2321 certe
1625 2285 1673 2329 ja-

75 2337 187 2372 stavit
203 2335 325 2372 schola
344 2334 572 2373 Democriti
597 2337 631 2372 ὅ(
648 2332 825 2387 Epicuri,
851 2335 1025 2372 authores
1052 2335 1135 2372 suos
1167 2335 1318 2373 moenia
1345 2336 1477 2374 mundi
1511 2337 1670 2377 diruiss'e.

75 2393 214 2439 Neque
239 2401 366 2427 tamen
395 2391 432 2427 id
449 2390 597 2439 prorsus
615 2389 782 2427 secutum
803 2391 851 2427 est
877 2403 919 2427 cx
949 2392 993 2427 iis
1016 2402 1109 2438 quae
1138 2389 1184 2427 ab
1202 2393 1275 2427 illis
1301 2390 1395 2428 dicia
1416 2391 1511 2429 sunt.
1569 2395 1672 2432 Nam

74 2444 334 2484 {Democritus
348 2457 436 2481 eum
456 2446 650 2482 materiam
666 2443 736 2482 five
752 2444 892 2482 semina
909 2447 1016 2497 copia
1031 2445 1189 2492 infinita,
1209 2445 1396 2483 attributis
1425 2448 1461 2483 δε
1492 2447 1673 2496 potestate

73 2500 188 2545 finita,
213 2495 417 2547 cademque
440 2502 586 2549 agitata,
617 2512 687 2536 nec
707 2501 753 2536 ab
778 2510 932 2537 aeterno
952 2498 1082 2551 quovss
1110 2500 1231 2537 modo
1260 2502 1382 2537 locata
1419 2502 1601 2551 posuisset,
1637 2506 1673 2542 vi

75 2556 151 2607 ipsa
163 2557 263 2593 illins
278 2554 470 2606 opinionis
483 2556 660 2592 adduCtus
676 2555 736 2601 est,
765 2566 805 2592 ut
821 2555 986 2592 mundos
1006 2555 1274 2602 multiformes,
1304 2557 1404 2593 ortui
1434 2558 1470 2593 ὅ(
1499 2557 1672 2596 interitui

75 2612 273 2655 obnoxios,
306 2612 397 2646 alios
423 2611 556 2647 melius
578 2610 783 2657 ordinatos,
813 2611 906 2647 alios
934 2611 1031 2646 male
1064 2609 1270 2657 haerentes,
1299 2609 1410 2648 etiam
1438 2622 1675 2652 tentamenta

75 2666 308 2702 mundorum
326 2669 359 2701 ἃ
379 2665 634 2700 intermundia
653 2665 833 2702 statuerat.
892 2665 963 2702 Sed
997 2675 1124 2702 tamen
1154 2677 1195 2703 ut
1218 2666 1293 2702 hoc
1321 2677 1514 2716 receptum
1538 2668 1672 2716 fuiss'ct,

16 2728 20 2731 ‘
73 2719 166 2758 nihil
191 2717 378 2757 officiebat
398 2721 488 2770 quin
508 2720 569 2755 illa
584 2730 663 2768 pars
680 2721 869 2765 materiae,
897 2732 992 2767 quac
1020 2719 1194 2771 deputata
1223 2719 1272 2757 cst
1302 2720 1390 2758 huic
1414 2717 1477 2771 ipsi
1504 2725 1668 2770 mundo,

73 2777 138 2824 qui
166 2775 290 2812 nostro
326 2776 453 2823 generi
482 2775 529 2811 est
554 2774 785 2823 conspicuus,
828 2775 1036 2811 obtinuerit
1063 2774 1222 2824 figuram
1250 2775 1458 2825 globosam.
1515 2778 1673 2816 Necess'e

74 2832 178 2866 enim
193 2829 261 2866 fuit
281 2840 322 2866 ut
338 2828 469 2878 singuli
496 2842 537 2865 ex
568 2828 639 2865 illis
659 2830 811 2866 mundis
825 2829 981 2879 figuram
1004 2830 1169 2877 aliquam
1195 2831 1424 2882 accepissent.
1481 2831 1554 2869 Etsi
1569 2832 1673 2868 enim

75 2886 116 2920 in
129 2885 281 2921 infinito
297 2884 463 2921 medium
493 2884 647 2932 aliquod
669 2884 739 2920 css‘e
759 2894 932 2933 nequeat,
951 2894 1080 2921 tamen
1101 2886 1142 2921 in
1160 2885 1323 2934 partibus
1347 2885 1483 2923 infiniti
1509 2887 1672 2924 rotunda

72 2940 190 2988 figura
204 2937 385 2976 subsistere
405 2939 533 2988 potest,
564 2951 644 2975 non
663 2940 787 2976 minus
802 2940 843 2975 in
860 2939 1008 2976 mundo
1024 2940 1154 2987 aliquo
1174 2953 1287 2988 quam
1308 2942 1349 2977 in
1379 2943 1464 2990 pila.
1520 2943 1669 2979 Verum

76 2993 334 3031 ‘Democritus
363 2993 479 3030 festor
505 2994 638 3031 mundi
655 2994 777 3030 bonus
805 2994 889 3040 fuit,
919 2992 956 3030 in
980 2992 1220 3043 integralibus
1241 3006 1367 3032 autem
1396 2994 1529 3032 mundi
1555 2997 1670 3033 etiam

72 3049 171 3085 infra
189 3049 397 3085 mediocres
421 3049 676 3100 philolophos.
733 3048 790 3084 At
806 3047 939 3097 opinio
958 3048 1031 3096 illa,
1061 3049 1108 3086 dc
1133 3062 1206 3097 qua
1229 3063 1331 3088 nunc
1346 3048 1551 3098 loquimur,
1572 3063 1669 3099 quae

73 3103 276 3140 destruebat
301 3106 336 3140 δε
360 3105 615 3140 confundcb.1t
639 3101 802 3152 systema,
825 3104 897 3140 fuit
916 3101 1146 3141 Heraclidis
1161 3105 1322 3151 Pontici,
1359 3108 1395 3141 δε
1411 3102 1614 3155 Ecphanti
1630 3108 1668 3142 δε

73 3155 246 3196 Nicetize
267 3158 492 3206 Syracusani,
523 3161 557 3194 ἃ
583 3160 778 3208 praecipue
799 3156 990 3206 Philolai,
1021 3170 1131 3207 atquc
1155 3162 1270 3197 etiam
1296 3160 1416 3195 nostra
1436 3170 1554 3196 aetate
1583 3158 1667 3196 Gjl-

71 3211 185 3256 berti,
217 3215 251 3247 ὃ(
282 3212 456 3248 omnium
487 3214 649 3263 (praeter
682 3212 947 3265 Copernicum)
978 3226 1125 3261 eorum,
1154 3214 1217 3263 qui
1246 3224 1385 3251 terram
1412 3214 1600 3263 planetam
1630 3216 1668 3250 ὃς

71 3268 269 3310 mobilem,
313 3270 348 3304 δε
378 3278 555 3315 tanquam
593 3280 707 3306 unam
736 3281 779 3305 ex
820 3268 915 3306 astris
941 3269 1190 3306 crediderunt.
1274 3269 1403 3315 Atque
1445 3267 1505 3306 illa
1534 3267 1668 3318 opinio

1572 3323 1667 3360 hanc
