1973 3570
129 199 190 259 76

431 189 898 240 HISTORJA
960 186 1220 232 DENSI
1273 182 1373 230 ET
1428 184 1647 228 RARI.

263 289 340 336 lud,
369 290 405 326 ὃ(
429 289 538 336 plane
562 285 773 331 adhaerent,
803 285 970 333 illudque
994 284 1111 333 odore
1132 281 1324 323 inficiunt3
1362 292 1402 319 ut
1424 281 1658 318 manifestum
1681 279 1736 327 sit,
1776 282 1862 318 illos

260 356 346 383 cum
362 342 469 381 crass'a
486 352 615 378 natura
633 336 851 377 affinitatem
868 351 974 388 aegre
989 339 1177 374 dirimere.

312 398 383 435 AT
400 397 544 447 spiritus
554 386 657 433 vivos
667 394 838 443 aereipso
851 395 1042 442 aliquanto
1060 394 1215 428 rariores
1231 391 1476 427 existimamus
1491 404 1497 426 1
1519 401 1599 426 tum
1616 393 1702 438 quia
1719 391 1863 427 inflam-

265 463 414 494 mantur
431 451 625 490 nonnihil3
655 460 736 486 tum
761 451 847 496 quia
862 449 1060 497 diligenter
1085 448 1223 495 experti
1240 446 1374 491 sumus,
1405 448 1527 481 aerem
1549 445 1593 481 ad
1614 447 1863 482 minuendum

268 518 329 545 aut
346 506 609 544 sublevandum
630 504 775 554 pondus
792 503 885 539 nihil
901 503 1082 539 conferre.
1142 504 1242 539 Nam
1267 498 1379 536 vesica
1396 500 1521 536 inflata
1546 512 1626 536 non
1642 500 1689 536 est
1702 513 1815 538 vacua
1830 502 1867 536 ὅ(

269 561 470 611 comprcss'a
493 561 621 605 levior,
653 570 738 595 cum
762 556 882 594 fitilla
906 568 1031 594 tamen
1049 557 1187 605 repleta
1203 558 1304 595 a'e'res
1336 567 1404 591 nec
1428 553 1595 591 similiter
1612 554 1777 603 spongia,
1807 566 1868 592 aut

266 618 382 655 vellus
406 617 521 660 lanae,
559 616 638 650 a'e're
665 613 809 658 referta,
849 613 921 649 illis
945 610 1025 661 ipfis
1047 613 1169 649 vacuis
1193 612 1332 647 leviora
1357 610 1454 654 sunt,
1493 612 1574 645 a'ere
1598 609 1757 646 excluso.
1813 610 1869 646 At

267 683 400 720 corpus
421 670 579 706 animale
602 671 729 706 vivum
746 670 992 704 &mortuum
1013 668 1190 715 gravitate
1213 665 1409 701 manifesto
1433 664 1635 704 differunt3
1663 665 1751 701 licet
1772 664 1871 702 haud

269 737 416 763 tantum
434 734 614 772 quantum
631 732 817 772 putantur.
874 723 998 773 Qiare
1014 722 1160 758 videtur
1176 722 1234 756 a'e'r
1249 719 1396 769 pondus
1416 732 1496 755 non
1513 720 1701 760 minuere3
1726 718 1872 769 spiritus

274 791 399 818 autem
409 781 510 816 vivus
525 778 596 814 hoc
607 778 737 814 facere.
794 777 922 823 Atque
934 788 1019 812 cum
1035 776 1182 824 pondus
1194 772 1388 824 densitates
1400 775 1590 820 dijudicet,
1611 775 1723 811 etiam
1735 776 1874 813 levatio

275 835 452 884 ponderis
468 834 631 868 raritates
644 831 845 875 dijudicare
861 831 981 865 debet.
1800 835 1805 838 ’

331 891 560 926 SUPREMO
593 886 726 921 ordine
752 886 959 920 collocatur
987 884 1156 920 flamma:
1185 894 1268 921 tum
1295 885 1381 932 quia
1412 883 1475 919 illa
1499 880 1791 921 manifestiffime
1814 896 1873 933 pe-

283 947 328 980 rit
349 943 554 991 superiora3
582 950 665 976 tum
687 940 773 986 quia
792 936 990 976 verifimile
1010 939 1069 985 est,
1100 940 1263 975 rationes
1286 938 1613 987 pneumaticorum
1633 940 1796 976 minime
1808 939 1877 976 dif-

279 999 375 1036 ferre
397 1009 414 1032 a
437 995 643 1031 rationibus
664 994 845 1030 fomitum
867 993 1044 1034 suorum3
1072 993 1244 1041 ideoque,
1274 993 1597 1041 quemadmodum
1612 996 1742 1030 oleum
1762 993 1811 1030 est
1825 1006 1878 1031 ra-

281 1054 354 1088 rius
377 1062 481 1099 aqua,
511 1047 678 1085 similiter
704 1049 896 1084 flammam
922 1050 1103 1097 rariorem
1127 1048 1195 1085 effe
1221 1050 1302 1096 a'e're
1326 1050 1362 1084 ὅ(
1387 1047 1526 1096 spiritu.
1582 1049 1707 1085 Etiam
1730 1049 1877 1087 videtur

276 1107 427 1143 flamma
456 1116 590 1153 corpus
618 1104 800 1150 tenuius,<
822 1106 858 1140 δε
892 1104 1057 1156 mollius,
1101 1106 1137 1140 ὅς
1166 1105 1283 1152 magis
1314 1102 1460 1149 cedens,
1503 1115 1616 1150 quam
1646 1105 1718 1140 ae'r.
1774 1105 1879 1142 Nam

277 1157 457 1198 leviffima
492 1160 686 1208 quaepiam
725 1170 822 1204 aura,
867 1168 1062 1196 commota
1098 1159 1197 1205 juxta
1225 1158 1417 1194 flammam
1452 1158 1592 1207 lychni,
1645 1170 1727 1195 eam
1755 1159 1879 1196 reddit

280 1216 491 1253 tremulam.

334 1267 519 1316 Hzstorja.
555 1280 587 1305 2.
606 1270 865 1320 QUANTAM
880 1281 970 1305 veto
991 1266 1252 1317 expansionem
1275 1267 1478 1315 assequatur
1499 1269 1782 1316 pneumaticum
1805 1267 1881 1304 col-

279 1315 396 1362 latum
419 1324 463 1360 ad
483 1324 674 1372 tangibile,
704 1325 790 1360 licet
814 1321 856 1360 sit
881 1335 936 1360 res
960 1324 1071 1360 ardua
1094 1325 1270 1363 inventu3
1299 1332 1426 1359 tamen
1448 1334 1572 1359 curam
1599 1323 1644 1359 de
1661 1323 1738 1366 ejus
1759 1323 1883 1370 inqui-

283 1378 415 1416 sitione
433 1391 511 1415 non
531 1379 742 1422 abjecimus.
802 1375 949 1415 Certiffi
958 1390 1017 1414 ma
1034 1389 1157 1414 autem
1174 1377 1247 1414 visa
1262 1377 1309 1413 est
1326 1378 1434 1413 nobis
1449 1377 1530 1414 fore
1546 1378 1734 1426 probatio,
1763 1375 1789 1413 fi
1804 1389 1884 1414 cor-

283 1436 385 1483 poris
395 1434 546 1482 aliquod
559 1434 739 1482 tangibile
752 1432 1047 1482 (exporreffione
1060 1433 1136 1476 ejus
1146 1434 1246 1481 prius
1259 1442 1362 1480 capta
1376 1434 1411 1468 ὃς
1424 1432 1645 1479 mensurata)
1660 1433 1754 1469 verti
1766 1432 1884 1480 posset

284 1491 393 1538 plane
408 1490 446 1524 in
463 1490 755 1537 pneumaticum,
783 1490 818 1524 ὅ(
833 1488 968 1523 deinde
984 1488 1211 1536 pneumatici
1228 1488 1327 1523 illius
1343 1487 1575 1535 exporrefflo
1591 1487 1724 1523 itidem
1738 1497 1886 1524 notare-

285 1554 368 1583 turs
406 1553 446 1580 ut
466 1536 651 1592 pensitatis
674 1542 866 1590 utriusque
889 1543 1109 1589 rationibus,
1146 1542 1192 1578 de
1213 1542 1530 1590 multiplicatione
1555 1540 1713 1579 dimensi
1736 1542 1887 1578 evidens

286 1598 555 1634 demonstratio
576 1597 654 1633 fieri
671 1596 798 1646 posset.
1333 1640 1336 1643 ,
1799 1644 1804 1647 .

340 1662 375 1702 3.
406 1651 694 1688 AccEpmms
723 1653 837 1701 igitur
865 1651 1028 1700 phialem
1056 1653 1214 1689 vitream
1246 1663 1408 1701 parvam,
1438 1662 1532 1700 quae
1560 1652 1711 1688 unciam
1740 1652 1889 1698 fortafi'e

288 1719 402 1744 unam
428 1710 555 1754 capere
576 1706 702 1755 poss'et.
758 1708 801 1743 In
826 1718 909 1742 eam
924 1706 1070 1755 spiritus
1094 1708 1183 1752 vini,
1217 1707 1317 1755 (quia
1340 1720 1381 1743 ex
1407 1707 1617 1754 liquoribus
1637 1709 1809 1756 proxime
1832 1720 1887 1754 ac-

287 1762 439 1798 cedebat
460 1761 504 1796 ad
520 1762 813 1809 pneumaticum,
843 1773 929 1797 cum
945 1760 1030 1797 esset
1050 1758 1267 1809 levissimus)
1286 1764 1436 1798 unciam
1456 1761 1654 1798 dimidiam
1668 1761 1889 1800 infudimus.

289 1816 439 1853 Deinde
469 1813 623 1852 vesicam
651 1818 859 1864 accepimus
893 1816 1101 1853 admodum
1130 1817 1324 1865 grandem,
1364 1827 1497 1865 utpote
1526 1829 1621 1865 quae
1652 1817 1743 1854 osto
1769 1819 1892 1867 pintas

291 1872 448 1907 vinarias
476 1870 684 1919 (galonium
714 1869 864 1918 scilicet,
914 1880 954 1908 ut
983 1871 1160 1919 nostrates
1187 1872 1386 1921 appellant)
1417 1883 1545 1920 capere
1573 1871 1701 1921 posset.
1765 1870 1895 1911 Vesica

292 1935 418 1961 autem
447 1935 522 1961 erat
551 1937 631 1961 non
659 1935 786 1966 vetus;
826 1928 863 1962 <Sc
886 1935 1083 1976 propterea
1109 1937 1190 1963 non
1219 1924 1308 1964 ficca
1334 1930 1370 1964 ὃς
1396 1928 1574 1974 renitens,
1613 1926 1673 1964 sed
1700 1938 1828 1965 recens
1856 1930 1895 1971 &

294 1980 434 2015 mollis.
491 1980 541 2016 Ex
566 1981 628 2016 illa
649 1978 762 2017 vesica
781 1984 904 2017 aerem
928 1992 1098 2028 omnem,
1136 1981 1261 2029 quoad
1280 1981 1361 2019 fieri
1385 1983 1522 2030 potuit,
1559 1978 1799 2031 expresfimus
1813 1995 1824 2024 3
1853 1993 1900 2020 ut-

294 2035 407 2070 latera
431 2034 508 2078 ejus
536 2034 648 2070 essent
673 2033 771 2083 quasi
800 2038 978 2085 contigua
1007 2039 1043 2072 ὃς
1072 2036 1319 2073 cohaerentia.
1377 2034 1547 2074 Vesicam
1573 2036 1722 2086 insuper
1745 2049 1809 2087 per
1836 2049 1895 2074 ex-

294 2089 408 2125 terius
433 2089 521 2124 oleo
546 2101 679 2140 parum
705 2090 926 2137 oblevimus,
965 2093 1001 2127 &
1030 2092 1198 2127 molliter
1220 2086 1458 2128 fricavimus:
1487 2101 1529 2129 ut
1553 2089 1732 2141 porofitas
1760 2090 1896 2134 vesicae

296 2144 386 2179 oleo
412 2143 661 2189 obtin-aretur,
701 2154 811 2192 atque
836 2147 962 2190 etiam,
1000 2156 1039 2182 ut
1064 2146 1153 2182 inde
1181 2145 1285 2183 fieret
1314 2146 1431 2195 magis
1459 2146 1605 2192 cedens,
1644 2148 1681 2183 ὅ(
1706 2145 1897 2184 tensibilis.

296 2198 404 2233 Hanc
433 2199 530 2234 circa
558 2210 600 2234 os
629 2198 770 2246 phialae
801 2200 881 2245 (ore
924 2199 1063 2237 scilicet
1092 2201 1236 2249 phialae
1264 2202 1362 2238 intra
1394 2213 1437 2238 os
1476 2199 1612 2239 vesicae
1640 2203 1807 2252 recepto)
1838 2214 1897 2252 ap-

296 2253 516 2300 plicuimus
554 2263 710 2300 eamque
733 2253 799 2289 filo
815 2266 941 2292 cerato
963 2256 1059 2291 arete
1082 2256 1291 2304 ligavimus.
1349 2257 1452 2293 Tum
1477 2256 1632 2293 demum
1655 2256 1820 2309 phialam
1834 2257 1899 2303 ,su—

298 2318 363 2354 pra
386 2317 518 2354 prunas
542 2307 711 2343 ardentes
735 2309 775 2344 in
796 2308 928 2346 foculo
951 2310 1231 2347 collocavimus
1287 2312 1328 2348 N
1331 2312 1466 2348 amita
1479 2311 1604 2348 multo
1627 2310 1708 2360 post
1729 2311 1902 2350 ascende-

301 2360 363 2396 bat
388 2372 473 2396 aura
489 2360 633 2408 spiritus
656 2363 734 2398 vini
755 2364 794 2398 in
818 2362 986 2411 vesicam,
1015 2377 1173 2413 eamque
1194 2365 1374 2416 paulatim
1393 2365 1644 2414 undequaque
1666 2366 1818 2405 fortiter
1841 2367 1901 2412 ad-

300 2414 462 2450 modum
485 2414 637 2452 inflavit.
694 2417 784 2468 Quo
811 2418 921 2467 facto,
966 2420 1154 2456 continuo
1176 2421 1317 2457 vitrum
1343 2420 1388 2456 ab
1409 2421 1497 2469 igne
1523 2421 1789 2467 removimusjj
1805 2424 1842 2460 &
1861 2423 1904 2460 in

301 2468 514 2505 summitate
542 2467 676 2506 veficae
704 2470 875 2510 foramen
899 2485 966 2511 acu
993 2473 1170 2514 fecimus3
1207 2483 1249 2511 ut
1283 2486 1369 2511 aura
1398 2477 1524 2525 potius
1558 2476 1753 2528 expiraret,
1789 2479 1905 2525 quam

305 2522 529 2560 relaberetur
557 2525 595 2560 in
621 2534 751 2573 guttas.
810 2527 971 2575 Deinde,
1000 2526 1156 2567 veficam
1178 2540 1198 2565 a
1220 2528 1342 2580 phiala
1366 2528 1585 2578 sustulimus,
1623 2533 1661 2568 &
1684 2544 1749 2584 per
1769 2531 1906 2579 lances,

310 2587 494 2625 quantum
521 2578 565 2614 dc
582 2580 644 2615 illa
669 2579 872 2617 semiuncia
887 2582 1033 2634 spiritus
1047 2584 1125 2621 vini
1145 2583 1378 2621 diminutum
1400 2585 1534 2632 fuisset,
1564 2588 1601 2623 &
1615 2587 1656 2623 in
1679 2586 1905 2630 auram‘ver-

308 2631 402 2677 sum,
446 2633 697 2682 probavimus.
754 2637 841 2672 Erat
873 2647 1000 2674 autem
1026 2638 1265 2691 deperditum
1294 2650 1375 2676 non
1403 2640 1487 2691 plus
1516 2640 1713 2693 (pondere)
1744 2637 1907 2679 denariis

309 2685 379 2723 sex.
434 2687 547 2723 Adeo
572 2698 610 2724 ut
636 2688 692 2725 sex
719 2690 773 2727 illi
798 2691 942 2728 denarii
966 2694 1006 2729 in
1030 2705 1191 2745 corpore
1214 2693 1362 2745 spiritus
1382 2696 1473 2742 vini,
1502 2697 1567 2744 qui
1591 2694 1908 2746 quadragesimam

309 2750 453 2791 partem
468 2743 593 2793 pintae
611 2742 665 2789 (ut
681 2746 854 2794 memini)
871 2758 953 2783 non
974 2748 1193 2801 implebant,
1222 2749 1263 2785 in
1278 2760 1404 2786 auram
1420 2749 1522 2797 versi,
1551 2749 1711 2802 spatium
1725 2750 1814 2788 osto
1827 2753 1907 2803 pin-

311 2805 434 2833 tarum
450 2796 708 2845 adaequarent.
1262 2809 1265 2822 ³
1570 2803 1573 2806 ’
1880 2816 1883 2819 ·

328 2903 334 2907 ⁴
368 2848 575 2888 Monitum.
634 2852 839 2892 MEMINI
868 2857 981 2893 etiam
1010 2855 1164 2895 vesicam
1191 2858 1237 2895 ab
1264 2858 1353 2908 igne
1381 2869 1568 2903 remotam
1597 2859 1751 2912 paulum
1784 2859 1911 2899 flacce-

313 2906 410 2941 scere
435 2905 632 2958 incepissc÷
661 2917 714 2953 ut,
743 2920 823 2946 non
846 2911 1013 2948 obstante
1032 2922 1110 2949 tam
1134 2910 1270 2962 insigni
1285 2912 1518 2967 expansione,
1548 2926 1630 2951 non
1651 2914 1841 2953 videretur
1859 2925 1910 2953 ta-

313 2969 403 2995 mcn
428 2972 513 2997 aura
533 2960 633 2998 versa
665 2961 769 3000 fuiss‘e
781 2965 821 3000 in
843 2968 1125 3016 pneumaticum
1177 2980 1288 3006 utum
1305 2972 1342 3006 &
1363 2969 1491 3015 fixum,
1532 2980 1620 3006 cum
1643 2968 1748 3006 adse
1771 2970 1908 3008 restitu-

316 3013 453 3052 endam
467 3016 676 3055 inclinaret.
733 3017 919 3060 Attamen
932 3020 1061 3061 fallerc
1076 3034 1127 3073 po
1159 3032 1190 3061 1t
1209 3023 1284 3062 hoc
1311 3025 1625 3075 experimentum,
1653 3021 1678 3060 fi
1699 3037 1742 3062 ex
1757 3037 1806 3063 eo
1821 3035 1911 3062 con-

1746 3080 1914 3126 jiciamus

1887 3198 1908 3240 3
