1973 3570
320 208 378 271 D.
431 221 619 270 THO.
660 225 971 272 BooLffl
1015 212 1452 278 EP1SToiA.

87 322 155 359 bus
170 331 263 370 quae
278 321 337 358 vel
351 319 413 357 sua
428 319 605 365 ferebant,
636 321 691 358 vel
709 322 832 370 priora
849 322 1011 358 tulerant
1028 331 1211 374 tempora,
1241 336 1319 361 non
1338 327 1493 377 potuisse
1509 329 1592 375 diei,
1614 342 1695 369 ecce

87 377 182 414 novi
196 372 300 429 quid.
359 375 529 416 Undeid
544 378 700 425 colligo,
730 388 816 412 cum
837 388 902 425 per
918 375 1047 413 omnia
1063 376 1201 415 saccula
1235 382 1271 417 «Sc
1300 379 1338 417 in
1369 384 1694 424 omnilmsartilms·

86 429 296 468 &scientiis
315 429 444 467 eadem
462 429 602 467 fuerint
630 430 668 467 in
696 430 912 467 hominibus
942 432 1060 477 labor,
1089 433 1306 471 exercitatio
1333 438 1369 473 δί
1396 438 1576 485 cognitio,
1607 453 1693 478 cum

84 484 127 523 iis
143 498 237 538 quae
265 485 395 522 nostro
420 483 587 522 videmus
616 496 799 534 tempore,
835 483 1184 524 etfi·1nutatiomun
1205 488 1299 526 aestu
1328 491 1551 537 fluctuantia,
1582 507 1691 543 prout

86 551 304 592 temporum
323 542 359 576 ὅ(
380 541 555 576 locorum
572 539 847 589 occasionisque
863 540 974 577 variat
991 543 1100 587 ratio,
1129 545 1166 579 δε
1189 544 1374 582 incalescit
1400 546 1623 595 scriptorum
1640 549 1691 586 in-

84 594 226 643 dustria,
256 593 400 632 intendi
429 596 465 630 δε
492 594 632 632 remitti
663 594 769 632 solita
800 606 878 631 tam
909 595 947 632 in
980 595 1197 634 theoreticis
1223 598 1292 635 suis
1325 612 1437 651 quani
1464 602 1638 650 praeiieis,
1668 601 1690 640 si

81 650 298 688 assentimur
327 648 406 696 tibi,
435 650 572 700 primo,
600 660 642 687 ut
664 648 815 687 scicntia
838 648 960 686 nostra
981 650 1164 693 rejiciatur
1179 663 1357 701 tanquam
1387 656 1496 693 dubia
1515 660 1550 694 ὃς
1574 660 1688 696 ineer-

85 716 122 742 ta
138 706 258 755 (quod
271 701 430 741 affirmas
445 704 623 742 duntaxat
646 706 866 742 nonminus
881 717 1193 754 argumentorum
1222 710 1371 757 robore)
1403 710 1537 748 deinde
1564 725 1605 750 ut
1631 715 1688 750 ab-

87 759 256 798 dicentur
279 761 462 796 axiomata
490 759 610 796 nostta
635 762 671 797 ὅ(
699 761 894 806 maximae,
923 761 1420 811 generaleiqueass'ertioneS,
1449 779 1468 802 a
1485 766 1690 813 majoribus

84 813 184 864 quasi
199 826 262 864 per
278 814 583 860 manustraditae,
612 827 706 863 quae
734 826 862 852 tamen
894 812 1018 854 (aliter
1042 818 1145 852 enim
1180 817 1269 855 haec
1299 818 1456 870 intelligi
1483 826 1687 874 nequeunt)

83 866 328 908 subtilissimis
347 870 474 906 onmis
489 871 567 906 aevi
589 869 729 914 judiciis
745 871 989 921 comprobata
1008 870 1116 911 sunt,-
1148 871 1296 920 ultimo,
1328 886 1369 912 ut
1383 878 1615 926 excogita-tur
1640 892 1692 914 ra-

84 927 154 972 tio,
182 937 275 973 quae
291 937 359 961 nos
374 925 447 969 jam
472 924 586 961 fastos
601 926 837 962 abecedarios
860 937 924 974 per
949 926 1134 963 tortuosas
1161 928 1441 978 particularium
1466 932 1691 981 experimen-

83 986 211 1018 tbrurn
227 982 396 1027 ambages
411 979 588 1030 provehat
607 980 652 1017 ad
671 981 933 1029 cognitionem
962 992 1003 1016 ex
1029 980 1144 1018 solide
1166 983 1331 1021 collectis
1345 988 1589 1034 gcncralibm,
1621 1001 1686 1026 un-

83 1036 132 1072 de
147 1047 245 1072 nova
267 1035 523 1083 exsculpamus
551 1037 688 1072 artium
711 1034 902 1086 principia,
939 1033 1020 1071 finis
1043 1036 1111 1073 crit
1132 1047 1173 1073 ut
1195 1041 1307 1086 exuti,
1337 1052 1423 1088 quas
1448 1053 1550 1079 nunc
1579 1043 1685 1080 liabe-

85 1102 181 1136 mus,
209 1090 425 1139 disciplinis,
454 1092 490 1126 ὃ(
514 1089 655 1139 fatigati
680 1090 917 1126 redeuntibus
940 1091 980 1126 in
1010 1089 1190 1128 circulum
1220 1093 1418 1141 laboribus,
1447 1096 1534 1133 illuc
1559 1100 1684 1136 tenda-

85 1157 181 1191 mus,
210 1145 309 1182 unde
333 1146 550 1193 incepimus,
580 1157 700 1192 coque
723 1145 950 1181 deducamur
982 1143 1165 1182 felicitatis
1191 1159 1285 1197 quae
1313 1161 1383 1185 nos
1416 1152 1457 1186 in
1494 1152 1686 1200 integrum

87 1201 258 1238 restituat.
315 1201 389 1237 Res
417 1211 459 1235 ca
488 1198 536 1236 est
555 1210 614 1236 tot
630 1200 873 1245 saeculorum,
902 1210 997 1247 quot
1013 1210 1098 1236 ante
1120 1212 1190 1237 nos
1214 1202 1392 1241 traniafta
1416 1205 1612 1253 fluxerunt,
1644 1219 1685 1246 ut

33 1252 37 1254 ’
85 1255 238 1292 tandem
268 1256 308 1290 in
337 1253 574 1304 perfectionis
603 1265 704 1291 meta
738 1253 983 1291 consistamus.
1040 1256 1188 1305 Neque>
1213 1258 1263 1293 ita
1296 1256 1356 1294 hic
1392 1259 1524 1297 censor
1563 1261 1685 1311 sedeo,

83 1308 182 1358 quasi
213 1308 396 1347 fastidiose
417 1309 617 1357 explodam
642 1311 820 1357 quicquid
842 1310 1022 1358 augendis
1055 1321 1119 1358 per
1152 1322 1250 1348 nova
1276 1310 1427 1351 inventa
1455 1316 1687 1364 impenditur

84 1363 255 1411 scientiis,
283 1376 369 1401 curn
385 1373 539 1401 conatus
559 1363 621 1400 iste
634 1364 770 1401 nobilis
785 1363 838 1411 fir,
867 1376 989 1413 neque
1009 1361 1154 1401 summa
1169 1366 1276 1403 laude
1291 1367 1527 1416 fraudandus,
1558 1373 1608 1409 ob
1626 1375 1685 1411 be-

85 1419 262 1457 neficium
287 1431 366 1467 quo
393 1420 434 1455 in
460 1419 628 1467 praesens
665 1420 802 1468 perfrui
831 1421 930 1456 licet.
986 1421 1196 1468 Nunquam
1226 1421 1345 1460 defuit
1379 1425 1527 1462 mundo
1557 1422 1690 1477 ingens

57 1481 59 1484 ⁴
84 1475 241 1512 illorum
256 1485 392 1523 agmen
416 1475 481 1522 qui
496 1475 606 1512 novis
633 1474 887 1524 excogitandis
915 1485 1065 1523 operam
1090 1475 1289 1523 dederunt,
1317 1490 1440 1527 neque
1460 1479 1582 1518 futura
1595 1495 1690 1520 care-

85 1529 180 1567 bunt
200 1529 351 1575 saecula,
381 1530 423 1566 in
445 1529 578 1580 quibus
604 1527 784 1566 industria
811 1528 976 1579 pertinax
1003 1530 1040 1565 ὅ(
1056 1530 1238 1567 excellens
1270 1532 1337 1569 hac
1356 1531 1394 1569 in
1416 1543 1520 1582 parte
1547 1540 1690 1589 peperit

86 1583 195 1622 nobis
211 1596 252 1622 ea
267 1596 361 1632 quac
377 1585 416 1620 in
445 1583 806 1622 administrationum
826 1583 985 1635 rapiunt,
1015 1594 1165 1633 captum
1179 1588 1396 1634 popularem
1415 1592 1449 1625 ὅ(
1464 1588 1566 1642 spem
1577 1593 1689 1630 trans—

83 1639 208 1690 gress‘a.
264 1641 302 1676 N
308 1637 423 1676 ostrae
452 1649 578 1676 tamen
602 1639 779 1677 notiones
793 1641 830 1676 &
845 1641 1028 1676 axiomata
1043 1649 1121 1676 tam
1136 1639 1181 1676 ab
1196 1639 1238 1677 iis
1252 1653 1366 1690 quarn
1382 1644 1426 1681 ab
1446 1644 1683 1685 eruditorum

84 1690 394 1733 eminentiffimis
415 1694 556 1743 semper
571 1707 658 1731 curn
679 1694 801 1744 gratiis
816 1704 961 1743 recepta
981 1693 1076 1731 sunt.

137 1751 286 1788 VIDES
310 1761 424 1797 quam
447 1750 487 1786 in
519 1761 582 1786 me
609 1749 784 1788 fiduciam
808 1760 870 1787 tua
890 1750 1023 1785 crearit
1052 1750 1288 1795 humanitas5
1322 1750 1347 1789 si
1374 1751 1414 1790 in
1442 1751 1507 1791 ista
1534 1754 1587 1792 tui
1621 1758 1688 1793 im-

83 1805 276 1856 pugnandi
292 1803 442 1841 licentia
460 1803 671 1842 lasciviente
699 1806 888 1858 protervia
915 1803 1065 1851 efferor,
1094 1817 1208 1853 quarn
1236 1807 1283 1843 de
1310 1809 1429 1845 erecta
1461 1820 1524 1847 tua
1560 1809 1689 1849 indole

85 1861 244 1911 concepi
272 1858 416 1908 opinio,
447 1861 484 1896 &
514 1858 687 1898 libertate
723 1872 837 1912 quam
862 1860 924 1897 hic
951 1861 1162 1896 amicorum
1188 1861 1391 1913 praecipuis
1424 1865 1607 1914 indulges,
1644 1874 1692 1904 eo·

87 1926 152 1953 me
176 1913 325 1966 impulit
349 1915 519 1963 alioquin
549 1913 786 1953 restitantem.
843 1916 891 1952 Et
913 1926 1128 1963 quanquam
1152 1919 1239 1964 equi
1267 1915 1372 1954 instar
1400 1917 1466 1956 sub
1485 1922 1611 1970 auriga
1639 1935 1690 1959 re-

87 1971 193 2008 store
206 1981 288 2006 non
304 1968 470 2006 secedam
485 1982 506 2006 a
527 1972 644 2007 veteri
660 1973 696 2007 ὃ(
721 1970 807 2008 trita
833 1969 901 2016 via,
930 1981 1043 2020 quam
1058 1969 1188 2007 sedulo
1201 1973 1349 2020 calcavi,
1378 1971 1428 2010 ita
1455 1982 1583 2013 tamen
1613 1968 1691 2014 seh-

86 2024 142 2063 tio
159 2024 207 2062 de
229 2026 302 2062 tuis
316 2023 498 2073 cogitatis,
528 2026 564 2061 ὅ(
584 2025 690 2062 fateri
709 2038 773 2064 me
795 2037 853 2063 res
882 2024 955 2075 ipsa
975 2027 1094 2075 cogit,
1122 2035 1250 2063 tecum
1274 2029 1311 2064 δε
1339 2040 1426 2065 eum
1450 2031 1598 2069 mundo
1625 2031 1691 2070 ini-

88 2081 250 2130 quius-te
265 2078 384 2129 egisse,
414 2091 502 2116 cum
524 2089 643 2117 tantas
670 2093 760 2131 opes
783 2078 991 2118 domestico
1017 2092 1163 2117 carcere
1187 2081 1378 2120 damnatas
1396 2082 1553 2122 invidisti
1576 2086 1693 2138 publi-

87 2146 137 2174 co
153 2133 246 2173 usui.
303 2135 408 2172 Licet
430 2136 535 2172 enim
549 2135 761 2186 persuasum
789 2136 946 2174 habeam
968 2136 1092 2184 quoad
1115 2146 1289 2174 tenorem
1314 2141 1350 2175 &
1366 2138 1569 2186 subjeetum
1593 2153 1692 2191 prae-

87 2189 216 2241 cipuae
229 2188 502 2236 dissertationis,
535 2191 638 2227 nulla
653 2192 692 2228 in
708 2190 893 2229 academia
921 2201 959 2228 te
979 2201 1216 2242 reperturum
1228 2193 1404 2240 tribunal,
1433 2195 1537 2243 quod
1556 2199 1694 2234 erroris

89 2256 129 2284 te
154 2244 344 2282 absolvere
373 2245 567 2286 sustineam
595 2256 724 2283 tamen
753 2244 880 2296 negari
912 2257 995 2282 non
1022 2244 1151 2295 potest,
1194 2248 1390 2285 maestarum
1418 2259 1527 2286 tuum
1556 2251 1695 2299 ubique

91 2300 229 2338 scatere
246 2299 492 2350 conceptibus
516 2299 666 2337 selectae
697 2301 814 2351 frugis
845 2301 951 2351 super
978 2300 1159 2351 praesenti
1185 2302 1276 2339 statu
1303 2301 1550 2350 scientiarum,
1581 2308 1617 2342 ὅ(
1641 2306 1695 2344 in·

90 2350 351 2405 geniofiffimis
365 2354 751 2393 commentationibus
779 2356 885 2407 super
908 2355 1130 2399 adjumentis
1157 2368 1215 2392 eas
1230 2357 1491 2408 promovendi,
1519 2369 1561 2396 ut
1575 2358 1695 2399 effica-

93 2406 238 2448 ciffirne
261 2420 349 2446 eum
371 2409 501 2456 trahat,
531 2409 745 2460 quicunque
765 2421 893 2448 earum
908 2421 1033 2446 rerum
1061 2410 1182 2447 studio
1210 2410 1362 2462 capitur,
1392 2414 1612 2466 penitusque
1637 2429 1694 2454 ex-

92 2463 266 2516 plorandi
280 2465 409 2514 gignat
425 2465 522 2502 haud
539 2466 638 2502 iners
652 2464 886 2513 desiderium,
915 2477 996 2502 non
1021 2475 1061 2501 ut
1090 2477 1138 2502 eo
1165 2474 1314 2504 tantum
1343 2469 1506 2506 enitatur
1534 2472 1638 2518 quod
1654 2473 1695 2510 in

93 2520 318 2571 pervulgatis
346 2518 461 2557 hodie
489 2518 649 2557 scientiis
673 2521 865 2558 summum
893 2519 953 2567 est,
982 2519 1043 2556 sed
1067 2531 1108 2557 ut
1137 2521 1245 2558 altius
1272 2520 1370 2570 quafi
1392 2522 1532 2561 feratur
1558 2527 1598 2562 in
1623 2526 1697 2577 ipsa

93 2576 242 2613 latentis
259 2584 412 2611 naturae
433 2572 579 2621 viscera,
607 2576 815 2625 omnesque
841 2574 980 2625 ingenii
1001 2577 1037 2612 ὅ(
1064 2574 1190 2620 judicii
1205 2588 1340 2615 nervos
1363 2577 1546 2626 intendat,
1574 2581 1697 2618 donec

93 2631 144 2668 D.
161 2626 286 2667 ‘Pauli
304 2629 398 2666 illud
427 2629 621 2678 perfecerit
640 2628 848 2682 confifi‘ari
867 2628 1023 2668 meliora
1038 2626 1146 2668 dona.
1204 2631 1368 2671 Utinam
1397 2633 1492 2671 hanc
1522 2636 1696 2684 ingrersus

96 2684 183 2723 effes
195 2685 294 2721 viam
322 2682 478 2734 (votum
506 2684 545 2722 id
568 2684 714 2723 auribus
741 2685 813 2724 tuis
841 2686 1008 2736 depono)
1040 2696 1131 2723 curn
1148 2685 1312 2738 primum
1337 2689 1381 2724 ad
1410 2688 1499 2726 haec
1526 2690 1639 2727 studia
1662 2703 1695 2728 a·

96 2739 246 2777 nimum
261 2738 446 2786 adjiceres,
474 2740 530 2775 vir
555 2740 669 2789 longe
688 2742 838 2779 alterius
860 2740 1026 2778 scholae!
1055 2740 1304 2780 nihilominus
1331 2752 1520 2795 utcunque
1545 2745 1633 2782 haec
1661 2745 1696 2781 se

99 2795 271 2840 habeant,
297 2805 386 2831 cum
411 2793 449 2830 id
476 2792 544 2830 tibi
564 2794 716 2833 firmum
743 2796 933 2844 fixumque
961 2794 1094 2843 sedeat,
1123 2799 1159 2834 &
1191 2798 1327 2847 patriae
1349 2797 1464 2835 fidem
1484 2811 1589 2836 tuam
1612 2812 1696 2848 pro-

99 2849 174 2895 bes,
201 2859 289 2887 toto
314 2847 448 2886 affeitu
472 2861 617 2900 precor,
645 2851 748 2898 quod
772 2847 976 2902 saepissime
1004 2849 1113 2898 facio,
1141 2861 1181 2889 ut
1207 2851 1304 2904 paria
1320 2855 1461 2891 meritis
1473 2855 1545 2891 tuis
1571 2854 1695 2890 obtin*

101 2914 202 2953 gant.
257 2903 386 2956 Qod,
421 2903 540 2953 spero,
575 2900 704 2944 affluet
724 2904 925 2956 aliquando
952 2906 1072 2958 plenis
1099 2906 1293 2946 honorum
1321 2910 1358 2946 ὅ(
1386 2908 1568 2947 felicitatis
1604 2907 1696 2944 rivis.v

104 2954 296 2996 Fulhami.
318 2954 406 2996 Feb.
424 2968 486 3006 19.
520 2959 638 3008 1607.

1494 3069 1701 3134 Descrip÷
