1973 3570
366 167 784 226 HISTORIA
837 167 1351 217 VENTORUM.
1744 187 1812 233 49

112 280 149 328 ς.
181 275 297 315 CUM
325 288 444 314 annus
464 276 670 323 inclinarit,
699 276 737 312 ὅ(
759 273 840 327 post
863 284 1090 312 autumnum
1112 273 1244 321 hyems
1266 273 1463 324 inceperit,
1491 271 1517 311 fi
1540 268 1670 328 incipi-

55 328 143 370 ente
165 331 302 381 hyeme
327 332 517 384 spiraverit
541 330 668 377 auster,
698 332 735 367 ὅ(
756 329 880 382 postea
903 329 1048 374 boreas,
1075 329 1147 364 erit
1162 327 1294 376 hyems
1309 329 1500 378 glacialis;
1528 327 1580 366 fin
1604 331 1670 369 sub

56 388 175 425 initiis
204 387 348 436 hyemis
376 386 567 438 spiraverit
602 385 745 432 boreas,
781 384 905 437 postea
933 383 1060 430 auster,
1096 383 1168 420 erit
1196 382 1328 432 hyems
1357 383 1525 421 clemens
1557 387 1594 422 δε
1618 397 1669 423 te-

55 442 175 495 pidus·.

109 498 146 534 6.
179 497 392 534 PLINIUS
417 496 505 533 citat
524 494 737 541 Eudoxum,
767 493 872 543 quod
896 492 1006 531 series
1029 502 1235 531 ventorum
1264 492 1390 531 redeat
1418 492 1498 545 post
1522 494 1669 542 quadri⁴

56 553 229 599 ennium,
257 553 362 600 quod
377 562 508 589 verum
523 551 686 586 minime
699 549 872 590 Videtur3
901 554 1024 597 neque
1040 549 1146 585 enim
1164 558 1243 585 tam
1258 549 1397 586 celeres
1421 547 1505 585 sunt
1523 551 1669 587 revolu-

54 609 190 644 tiones.
247 607 343 643 Illud
367 618 409 642 ex
428 606 645 653 aliquorum
667 604 864 654 diligentia
892 613 1070 640 notatum
1098 602 1159 649 est,
1188 603 1421 655 tempestates
1448 604 1669 653 grandiores

55 664 94 699 ὃ(
110 659 331 710 insigniores
348 661 567 708 (fervorum,
589 660 748 705 nivium,
766 659 1092 707 eongehrionum,
1108 656 1290 706 hyemum
1309 658 1534 710 tepidarum‚
1563 659 1668 698 aesta*

52 727 137 755 tum
150 716 376 766 gelidarum)
394 715 516 752 redire
529 715 755 765 plerumque
771 714 815 750 ad
831 714 1036 750 circuitum
1052 724 1244 750 annorum
1258 715 1426 763 triginta.

199 941 645 1005 MOTUS
725 937 1516 1004 VENTURUM

120 1158 199 1207 Ad
240 1158 435 1208 Ame.
474 1157 627 1218 Xxn,
653 1148 1020 1218 XX111‚Xx1v,
1046 1146 1378 1218 XXV,Xxv1,
1404 1151 1594 1210 XXvn.

614 1325 1107 1364 CONNEXIO.

158 1420 531 1474 OQUUNTUR
552 1421 741 1469 homines,
771 1431 812 1458 ac
835 1419 861 1458 fi
876 1432 1008 1459 ventus
1023 1421 1110 1458 ess'et
1130 1431 1265 1473 eorpus
1280 1422 1435 1471 aliquod
1457 1435 1524 1476 per
1539 1423 1586 1472 sc,
1615 1436 1665 1463 at-

185 1489 258 1526 quc
281 1479 426 1529 impetu
456 1476 525 1514 suo
553 1479 678 1514 aerem
701 1486 788 1514 ante
817 1475 854 1513 se
873 1487 998 1526 ageret
1013 1477 1305 1527 &impelleret;
1335 1479 1449 1515 etiam
1467 1491 1556 1517 cum
1578 1493 1664 1519 ven-

51 1542 113 1570 tus
127 1534 257 1570 locum
271 1543 406 1579 muter,
435 1532 658 1581 loquuntur,
687 1544 729 1569 ac
743 1530 768 1569 fi
783 1530 886 1568 idem
899 1542 1033 1570 ventus
1049 1531 1084 1568 se
1100 1533 1140 1568 in
1157 1532 1274 1569 alium
1289 1533 1418 1570 locum
1433 1535 1663 1573 transferret.

49 1587 155 1625 Haec
175 1599 268 1625 vero
292 1599 380 1625 cum
403 1588 615 1636 loquuntur
638 1587 788 1639 plebeii,
818 1596 946 1623 tamen
964 1586 1180 1639 philosophi
1208 1584 1274 1638 ipsi
1302 1588 1515 1627 remedium
1543 1590 1664 1635 hujus-

49 1640 160 1679 modi
176 1643 423 1691 opinionibus
438 1654 519 1679 non
535 1642 738 1694 praebent3
771 1641 833 1679 led
858 1643 895 1678 &
917 1643 972 1679 illi
996 1653 1149 1691 quoque
1165 1641 1392 1690 balbutiunt,
1423 1655 1547 1692 neque
1563 1653 1663 1682 erro·-

49 1697 153 1734 ribus
172 1697 245 1733 istis
262 1707 479 1735 occurrunt.
1598 1743 1600 1745 ι

108 1763 141 1789 1.
171 1754 544 1803 INQUIRENDUM
567 1753 682 1802 igitur
711 1754 748 1789 &
772 1751 819 1788 de
842 1752 1066 1789 excitatione
1093 1761 1220 1789 motus
1236 1754 1276 1789 ln
1291 1753 1423 1798 ventis,
1454 1755 1491 1790 &
1506 1753 1552 1790 de
1568 1753 1664 1792 dire-

49 1807 178 1844 &ione
201 1807 290 1853 eim,
320 1819 408 1844 cum
431 1808 478 1844 de
503 1808 713 1856 originibus
736 1807 918 1844 localibus
945 1808 1019 1852 jam
1046 1806 1263 1855 inquisitum
1286 1805 1339 1844 fit.
1396 1807 1528 1855 Atque
1548 1809 1594 1846 de
1618 1811 1663 1846 iis

50 1863 184 1908 ventis,
213 1863 278 1910 qui
307 1862 446 1899 habent
461 1863 691 1914 principium
707 1871 846 1909 motus,
875 1864 915 1899 in
939 1861 1000 1899 sua
1020 1863 1141 1914 prima
1155 1860 1392 1913 impulsione,
1423 1873 1465 1899 ut
1480 1864 1519 1900 in
1536 1865 1580 1900 iis
1595 1867 1661 1913 qui

51 1917 281 1962 dejiciuntur
305 1929 347 1953 ex
368 1918 458 1964 alto,
487 1927 550 1954 aut
573 1914 704 1955 efflant
725 1930 745 1955 e
764 1927 873 1964 terra,
903 1919 1079 1955 excitatio
1098 1927 1226 1954 motus
1247 1917 1295 1954 est
1309 1917 1500 1955 manifesta
1517 1931 1526 1954 τ
1554 1920 1662 1957 alteri

49 1971 117 2009 sub
140 1973 260 2008 initiis
289 1970 361 2009 suis
387 1972 632 2019 descendunt,
660 1973 766 2010 alteri
795 1972 1012 2013 ascendunt,
1041 1975 1079 2009 ὅ(
1098 1972 1220 2024 postea
1236 1985 1279 2009 ex
1295 1970 1492 2009 resistentia
1505 1975 1600 2010 a'eris
1623 1974 1662 2011 fi-

51 2037 121 2064 unt
139 2024 380 2073 voluminofi‚
397 2028 560 2064 maxime
579 2026 783 2066 seeundum
799 2028 958 2077 angulos
975 2027 1178 2065 violentiae
1194 2026 1288 2064 suae.
1346 2027 1403 2064 At
1418 2027 1465 2065 de
1481 2029 1566 2075 illis,
1595 2031 1662 2077 qui

51 2081 268 2119 conflantur
289 2081 430 2130 ubique
454 2083 493 2118 in
509 2083 592 2118 aere
607 2083 801 2129 inferiore,
833 2082 1010 2131 (quisunt
1026 2083 1203 2119 omnium
1219 2092 1426 2120 ventorum
1442 2082 1662 2130 frequentis-

48 2134 145 2185 fimi)
175 2135 371 2174 obscurior
394 2137 542 2174 videtur
569 2136 762 2185 inquisitio
778 2153 792 2180 ς
822 2149 911 2174 eum
933 2147 1062 2175 tamen
1086 2149 1142 2174 res
1166 2135 1208 2174 fit
1223 2138 1396 2187 vulgaris,
1426 2146 1468 2174 ut
1492 2138 1532 2173 in
1557 2150 1661 2175 com—

50 2192 290 2229 mentatione
307 2190 373 2228 sub
388 2192 549 2228 articulo
569 2192 703 2230 octavo
717 2193 1001 2230 declaravimus.

107 2257 143 2284 2.
171 2247 340 2283 ETIAM
362 2247 472 2292 hujus
495 2248 548 2284 rei
582 2248 788 2296 imaginem
811 2249 1017 2298 repetimus
1048 2248 1089 2283 in
1120 2247 1184 2282 illa
1207 2247 1303 2283 turri
1327 2244 1487 2292 occlusa,
1516 2245 1563 2283 de
1586 2259 1660 2295 qua

47 2302 164 2352 paulo
186 2311 298 2338 ante:
337 2302 458 2339 tribus
489 2303 593 2339 enim
618 2301 745 2338 modis
774 2302 869 2338 illud
893 2301 1455 2352 experimentum·variavimus.
1511 2301 1662 2339 Primus

48 2366 127 2394 erat
151 2357 194 2403 is,
221 2356 268 2393 de
296 2368 375 2405 quo
397 2356 503 2406 supra
518 2357 692 2401 diximus,
721 2355 868 2393 foculus
884 2367 927 2392 ex
949 2356 1079 2406 prunis
1096 2364 1183 2391 ante
1208 2355 1336 2403 ignitis
1359 2357 1396 2391 ὅ(
1421 2355 1539 2393 claris.
1598 2358 1659 2394 Se-

46 2411 193 2449 cundus
208 2420 285 2448 erat
300 2412 400 2448 lebes
415 2424 531 2460 aquae
546 2411 736 2457 ferventis,
766 2420 919 2448 remoto
934 2410 1004 2447 illo
1022 2409 1165 2455 foculo,
1193 2419 1305 2458 atque
1329 2417 1414 2446 tum
1434 2419 1511 2446 erat
1527 2421 1658 2449 motus

47 2467 169 2503 crucis
186 2467 358 2518 plumeae
373 2467 491 2515 magis
509 2466 621 2504 hebes
644 2468 680 2503 ὅ(
696 2467 799 2516 piger
815 2477 928 2514 quam
952 2476 995 2501 ex
1011 2464 1142 2501 foculo
1162 2475 1380 2513 prunarum,
1410 2464 1587 2502 haerente
1615 2466 1657 2503 in

50 2522 137 2558 aere
150 2533 237 2558 rore
250 2522 397 2571 vaporis
411 2523 532 2569 aquei,
561 2533 632 2558 nee
647 2517 823 2570 diffipato
846 2522 886 2557 in
902 2520 1098 2556 materiam
1125 2520 1229 2557 venti
1252 2527 1408 2571 propter
1423 2520 1658 2557 imbecillita-

47 2585 129 2612 tem
144 2577 291 2613 caloris.
345 2575 402 2613 At
426 2577 559 2613 tertius
583 2586 660 2614 erat
676 2587 718 2613 ex
739 2575 904 2623 utrisque
919 2573 1039 2620 fimul,
1067 2573 1200 2611 foculo
1225 2576 1263 2611 ὃ(
1284 2575 1432 2615 lebete;
1459 2583 1543 2611 tum
1566 2582 1660 2613 vero'

47 2631 166 2680 -longe
180 2632 343 2668 maxima
363 2640 441 2668 crat
464 2632 583 2668 crucis
603 2632 774 2681 plumeae
789 2631 955 2679 agitatio,
983 2628 1078 2665 adeo
1101 2638 1142 2665 ut
1157 2628 1385 2677 quandoque
1400 2630 1504 2666 illam
1520 2631 1560 2666 in
1582 2629 1656 2667 sur-

49 2684 134 2722 sum
148 2695 321 2731 verteret,
350 2685 459 2722 instar
473 2683 593 2735 pusilli
608 2686 794 2726 turbinis;
823 2696 917 2734 aqua
940 2683 1082 2722 scilieet
1105 2684 1308 2733 praebente
1333 2685 1482 2734 copiam
1497 2686 1657 2733 vaporis,

47 2741 86 2777 ὅ(
106 2740 239 2778 foculo
254 2742 318 2788 qui
333 2739 465 2777 astabat
478 2751 570 2789 ,eum
581 2737 791 2790 diffipante.

104 2805 140 2845 3.
171 2796 359 2847 Iraque
383 2796 619 2833 excitationis
638 2805 765 2832 motus
781 2796 821 2832 in
835 2795 957 2832 ventis
972 2792 1076 2831 causa
1093 2793 1141 2831 est
1161 2795 1356 2844 praecipua
1372 2793 1658 2843 superoneratio

49 2851 154 2897 aeris,
183 2862 227 2887 cx
249 2862 349 2887 nova
371 2845 578 2887 accessione
603 2852 695 2887 a'eiris
715 2849 800 2887 faeti
816 2861 858 2894 ex
880 2849 1089 2899 vaporibus
1140 2849 1227 2902 Jam
1242 2850 1289 2887 de
1304 2849 1512 2886 direffione
1527 2858 1657 2885 motus

50 2904 268 2951 videndum,
298 2907 334 2942 ὃ(
348 2905 395 2942 de
410 2905 630 2951 vertieitate,
658 2917 753 2953 quae
768 2905 815 2941 est
830 2904 1045 2941 directionis
1065 2906 1237 2941 mutatio.
1457 2929 1460 2931 Α

103 2967 143 3006 4.
172 2960 539 2997 DIRECTIONEM
556 2969 684 2997 motus
703 2954 922 3009 progreffivi
943 2969 1147 2997 ventorum
1171 2968 1307 3008 regunt
1322 2957 1476 2995 fomites
1492 2956 1559 3004 sui,
1588 2959 1652 3005 qui

57 3010 141 3049 sunt
155 3010 288 3051 similes
313 3014 482 3052 fontibus
500 3016 696 3055 amniums
728 3015 810 3052 loca
839 3012 991 3061 scilicet,
1021 3014 1086 3051 ubi
1110 3025 1246 3064 magna
1268 3014 1450 3062 reperitur
1473 3013 1582 3061 copia
1597 3024 1653 3049 va-

108 3068 214 3105 Vot..
244 3069 286 3105 ΙΙ.
832 3068 865 3104 G
1490 3077 1654 3115 porumz
