1973 3570
236 240 337 285 DE
388 238 664 285 FLUXU
713 213 819 284 ET
871 236 1273 284 REFLUXU
1325 215 1600 293 MARIS0
1744 235 1838 311 ψ,

88 335 201 388 >giam
221 348 425 376 antevertat
449 338 585 375 horam
605 337 722 376 fluxus
744 338 841 375 eirca
864 334 1057 385 Suedium,
1090 339 1125 374 ὅ(
1149 338 1213 376 ille
1235 336 1405 378 similiter
1427 342 1560 381 horam
1584 345 1702 386 fluxus

12 410 14 416 i
95 393 193 428 ‘circa
209 391 490 445 Gravelingam
508 391 529 431 ‚2
1388 431 1393 433 Δ

0 431 3 467 Ι
148 447 200 483 IN
211 459 475 498 qurnarun
500 458 627 485 utrum
649 448 741 484 hora
765 447 882 485 fluxus
902 445 947 484 ad
974 448 1104 485 littora
1124 441 1312 498 Brastliae
1336 460 1542 491 antevertat
1563 454 1697 497 horam

98 499 218 539 fluxus
238 502 283 539 ad
304 504 432 540 littora
448 500 665 554 Hispaniae
679 513 804 539 novae
820 504 857 539 ὅ(
871 498 1052 539 Floridae
1066 500 1087 540 ‚P

147 556 334 608 INQUm
345 570 369 595 A
381 569 477 595 *run
494 568 620 594 utrum
637 557 729 594 hora
749 556 866 594 fluxus
881 557 927 594 ad
942 558 1070 594 littora
1089 555 1237 595 Chinae
1252 571 1332 597 non
1351 555 1561 600 inveniatur
1575 564 1619 601 ad
1642 567 1699 605 vel

91 621 209 661 prope
225 613 358 650 horam
384 613 500 650 fluxus
521 612 564 649 ad
580 613 708 649 littora
733 609 949 659 Peru-viae,
978 614 1015 650 ὃ(
1030 611 1075 649 ad
1095 614 1153 650 vel
1172 626 1290 665 prope
1314 615 1448 653 horam
1469 618 1630 657 refluxus
1650 622 1695 658 ad

92 666 223 703 littora
238 664 407 719 Africae
427 670 463 705 δ(
479 663 658 704 Floridae
672 664 694 704 2
1338 715 1340 718 .
1558 716 1560 718 v

143 721 197 758 IN
206 733 269 772 qu
277 732 293 759 1
301 735 329 760 R
339 734 394 760 AT
403 734 431 759 U
439 735 466 759 R
477 722 677 770 quomodo
688 720 780 758 liora
792 720 910 759 fluxus
919 721 963 759 ad
976 719 1103 760 littora
1113 720 1348 762 Peruviana
1357 724 1536 779 discrepet
1547 728 1592 766 ab
1604 720 1697 769 liora

88 774 208 812 fluxus
231 778 327 814 circa
347 779 475 815 littora
499 774 718 828 Hispaniae
740 787 876 823 novae,
905 778 943 814 δε
965 778 1235 828 particulariter
1258 781 1459 828 quomodo
1474 781 1510 819 se
1533 783 1694 823 habeant

88 829 323 869 differentiae
343 832 519 870 horarum
536 831 705 869 fluxuum
724 831 769 869 ad
789 842 946 880 utraque
968 833 1093 869 littora
1108 832 1230 871 isthmi
1258 833 1296 872 in
1317 833 1522 879 America3
1553 841 1590 876 ὃς
1613 853 1690 878 rur—

86 883 145 922 sus
163 887 363 934 quomodo
378 888 470 925 hora
488 886 607 925 fluxus
622 887 667 924 ad
686 887 815 924 littora
831 884 1066 924 ‘Peruviana
1085 887 1308 938 respondeat
1327 886 1443 928 horae
1457 882 1577 931 fluxus
1591 889 1692 934 circa

0 964 3 991 ἐ
91 940 221 978 littora
240 939 388 980 Chinae
401 940 423 980 ?

0 997 2 1043 l
138 996 192 1033 ΙΝ
201 1007 264 1048 qu
273 1009 287 1034 1
296 1009 358 1035 RA
368 1009 392 1034 τ
401 1009 465 1036 uit
481 997 528 1034 de
540 996 865 1047 magnitudinibus
878 996 1047 1034 fluxuum
1058 999 1103 1035 ad
1115 999 1256 1037 diversa
1268 1000 1398 1038 littora
1413 1013 1494 1039 non
1508 1003 1631 1042 solum
1643 1006 1691 1044 de

0 1051 1 1056 ’
84 1052 318 1100 temporibus
348 1050 419 1090 five
448 1053 562 1090 horis.
619 1053 724 1088 Licet
753 1052 857 1088 enim
885 1050 1079 1088 causentur
1107 1053 1185 1090 fere
1213 1056 1492 1104 magnitudines
1521 1050 1691 1099 fluxuum

83 1115 150 1154 per
173 1103 425 1156 depressiones
447 1109 637 1152 littorum,
666 1116 795 1142 tamen
817 1105 1070 1143 nihilominus
1085 1111 1371 1147 communicant
1395 1113 1509 1148 ctiam
1526 1125 1613 1151 cum
1634 1127 1688 1153 ra·

84 1159 192 1198 tione
212 1172 339 1199 motus
359 1163 437 1199 veri
459 1164 583 1209 maris,
613 1170 726 1210 prout
749 1159 930 1197 secundus
944 1160 993 1196 est
1007 1171 1069 1197 aut
1089 1162 1272 1200 adversus.
1544 1209 1546 1211 Ι

135 1215 189 1252 ΙΝ
199 1227 262 1267 QJ
272 1227 287 1253 1
296 1229 325 1254 R
335 1228 390 1253 Ar
399 1226 463 1254 tm
478 1216 525 1253 de
536 1218 631 1254 mari
648 1213 783 1268 Caspio
797 1214 905 1263 (quae
919 1213 1003 1251 sunt
1020 1215 1115 1253 bene
1127 1229 1284 1266 magnae
1299 1218 1494 1268 portiones
1507 1232 1689 1270 aquarum

82 1270 279 1313 conclusae
308 1271 444 1319 absque
472 1272 555 1309 ullo
583 1269 682 1308 exitu
702 1271 742 1306 in
769 1270 969 1317 oceanum)
990 1267 1016 1306 fi
1044 1269 1230 1322 patiantur
1257 1273 1401 1311 fluxum
1429 1277 1466 1312 ὅ(
1490 1276 1687 1326 refluxum,

81 1324 140 1361 vel
167 1318 330 1373 qualem,
366 1324 548 1375 liquidem
573 1325 695 1363 nostra
721 1324 794 1361 fert
819 1325 1032 1369 conjeci-ura
1059 1337 1170 1375 aquas
1193 1329 1234 1364 in
1261 1327 1396 1380 Caspio
1423 1330 1522 1379 poffe
1551 1332 1688 1371 habere

84 1378 229 1417 fluxum
249 1380 403 1418 unicum
430 1383 471 1418 in
497 1382 570 1428 die,
608 1392 690 1417 non
710 1377 956 1429 geminatum,
993 1390 1104 1428 atque
1127 1383 1243 1419 talem
1263 1393 1304 1420 ut
1332 1385 1463 1422 littora
1490 1387 1687 1425 orientalia

80 1433 247 1480 ejusdem
267 1438 379 1473 maris
392 1435 620 1482 deserantur,
648 1445 735 1472 curn
751 1434 997 1472 occidentalia
1011 1435 1209 1474 alluantur.
1508 1480 1511 1484 ⁵

132 1490 187 1527 IN
196 1502 466 1542 QUIRATUR
485 1502 613 1529 utrum
627 1490 746 1527 fluxus
765 1500 967 1538 augmenta
980 1491 1023 1527 in
1036 1490 1242 1529 noviluniis
1262 1494 1299 1530 δ(
1313 1490 1544 1543 pleniluniis,
1574 1494 1688 1546 atque

77 1545 193 1582 'etiam
221 1547 262 1583 in
280 1548 527 1595 aequinoxiis‚
563 1545 655 1583 fiant
675 1543 784 1582 fimul
804 1546 844 1581 in
870 1542 1018 1583 diversis
1041 1545 1177 1583 mundi
1196 1547 1387 1595 partibus?
1425 1551 1529 1587 Cum
1558 1563 1687 1590 autem

74 1599 236 1638 dicimus
260 1599 399 1651 (fimul)
421 1603 673 1651 intelligimus
694 1612 774 1636 non
791 1599 923 1636 eadem
943 1599 1048 1646 liora,
1079 1600 1280 1648 (variantur
1300 1605 1404 1641 enim
1425 1604 1540 1643 horae
1559 1597 1684 1645 securiss

75 1654 168 1694 dum
181 1656 392 1706 progr-effus
407 1667 588 1706 aquarum
607 1655 652 1692 ad
668 1652 810 1702 littora,
839 1664 880 1691 ut
896 1655 1070 1704 diximus)
1092 1654 1152 1693 sed
1169 1657 1306 1695 eodem
1319 1657 1394 1697 die.
1682 1653 1687 1657 ’

782 1747 975 1786 MORAE.

126 1822 237 1860 Non
271 1822 491 1871 producitur
518 1819 709 1873 inquisitio
743 1822 789 1859 ad
818 1822 1109 1870 explicationem
1141 1824 1294 1873 plenam
1322 1809 1523 1863 consensus
1554 1812 1683 1867 motus

74 1876 253 1914 menstrui
272 1876 425 1936 in'mari
445 1889 534 1915 cum
553 1887 664 1914 motu
684 1878 816 1918 lunae5
845 1874 916 1915 five
935 1877 1031 1914 illud
1044 1877 1107 1916 fiat
1127 1890 1194 1931 per
1213 1879 1579 1931 subordinationem,
1608 1882 1680 1923 sive

72 1942 138 1982 per
153 1934 392 1970 concauiam.

736 2011 1006 2052 ZYZYGIAE.

126 2088 179 2125 IN
190 2098 253 2138 qu
263 2099 303 2124 1s
313 2099 327 2125 1
337 2099 362 2124 T
372 2098 420 2124 10
435 2085 604 2139 praesens
613 2086 857 2136 conjungitur
867 2099 956 2125 eum
972 2084 1212 2138 inquisitione
1227 2099 1357 2128 utrum
1372 2099 1469 2128 terra
1479 2100 1678 2129 moveatur

71 2152 184 2180 motu
207 2142 372 2180 diurno?
413 2143 452 2180 Si
476 2144 582 2179 enim
601 2142 714 2179 aestus
736 2142 847 2179 maris
865 2141 908 2180 fit
931 2153 1112 2192 tanquam
1134 2154 1300 2181 extrema
1321 2144 1526 2184 diminutio
1551 2156 1679 2182 motus

69 2196 217 2238 diurni3
255 2197 427 2246 sequetur
451 2198 611 2246 globum
637 2207 754 2234 terrae
773 2197 843 2235 css'e
869 2198 1124 2245 immobilem,
1159 2209 1222 2237 aut
1245 2198 1376 2237 saltem
1398 2199 1543 2240 moveri
1566 2197 1678 2238 motu.

72 2253 187 2302 longe
205 2253 370 2290 tardiore
390 2264 505 2301 quarn
521 2251 614 2302 ipsas
634 2263 755 2300 aquas.

261 2418 479 2476 Indicia
508 2438 640 2475 vera
669 2417 734 2474 de
762 2415 1203 2499 interpretatione
1226 2416 1477 2478 naturae.

183 2584 250 2625 UI
273 2584 322 2622 de
337 2593 468 2621 natura
489 2591 667 2632 tanquam
687 2583 736 2621 de
753 2595 794 2620 re
813 2581 1001 2632 explorata
1021 2582 1267 2634 pronuntiare
1290 2580 1363 2621 aufi
1382 2583 1479 2630 sunt,
1509 2582 1579 2623 sive
1599 2585 1673 2623 hoc

208 2652 252 2678 ex
274 2640 394 2677 animi
415 2638 549 2675 fiducia
571 2638 745 2686 fecerint,
776 2636 847 2676 five
866 2636 1064 2675 ambitiose
1091 2640 1129 2675 &
1151 2649 1261 2677 more
1288 2634 1523 2687 professor-io,
1560 2642 1672 2684 maxi-

70 2696 144 2732 mis
167 2696 222 2732 illi
243 2693 521 2745 philosophiam
545 2695 583 2731 &
601 2693 771 2731 scientias
795 2693 1034 2730 detrimentis
1057 2691 1225 2731 affecere,
1282 2693 1343 2734 Ut
1363 2695 1468 2731 enim
1487 2694 1534 2738 ad
1556 2693 1670 2734 fiflem

69 2749 280 2787 faciendam
299 2749 425 2796 validi,
457 2748 506 2786 ita
521 2749 636 2785 etiam
654 2749 700 2786 ad
714 2745 997 2797 inquisitionem
1014 2747 1304 2798 extinguendam
1319 2751 1356 2786 &
1375 2749 1670 2800 abrumpendam

69 2801 234 2843 efficaces
245 2805 423 2845 fuerunt3
450 2815 572 2855 neque
591 2804 729 2841 virtute
744 2803 895 2854 propria
909 2812 1058 2841 tantum
1073 2804 1311 2853 profuerunt,
1339 2814 1524 2853 quantum
1540 2806 1580 2841 in
1595 2804 1670 2847 hoc

70 2871 294 2907 nocuerunt,
321 2859 425 2908 quod
440 2860 601 2896 aliorum
621 2860 803 2896 virtutum
816 2868 1065 2909 corruperunt
1080 2861 1117 2896 &
1136 2859 1391 2911 perdiderunn
1445 2861 1523 2910 Qui
1543 2868 1669 2897 autem

70 2916 299 2955 contrariam
322 2914 410 2952 huic
435 2915 534 2951 viam
557 2910 708 2962 ingreffi
735 2913 831 2961 sunt,
869 2922 978 2964 atque
997 2913 1094 2951 nihil
1119 2913 1267 2966 prorsus
1291 2913 1373 2952 sciri
1393 2914 1493 2966 poss'e
1516 2913 1668 2951 asserue-

72 2979 186 3009 runt-2
223 2967 294 3007 five
324 2982 366 3006 ex
396 2967 636 3019 sophistarum
661 2979 831 3006 veterum
856 2968 959 3016 odio,
997 2967 1069 3008 five
1096 2980 1140 3007 ex
1166 2969 1283 3008 animi
1311 2965 1565 3014 fluetuatione,
1603 2978 1668 3006 aut

73 3024 186 3060 etiam
208 3035 254 3061 ex
267 3025 426 3072 quadam
440 3025 633 3062 doctrinae
652 3024 760 3073 copia
775 3025 815 3061 in
834 3023 931 3062 hanc
946 3025 1171 3074 opinionem
1190 3023 1324 3075 delapfi
1340 3024 1437 3070 sunt,
1465 3030 1566 3059 certe
1584 3034 1668 3061 non

70 3079 376 3116 contemnendas,
393 3080 470 3125 ejus
499 3081 664 3116 rationes
691 3078 933 3117 adduxerunt.
988 3080 1263 3121 Verumtamen
1287 3091 1356 3123 nec
1380 3089 1401 3115 a
1424 3078 1520 3116 veris
1545 3078 1666 3115 initiis

73 3132 295 3170 sententiam
316 3133 418 3172 suam
440 3133 666 3182 derivarunt,
703 3136 740 3173 ὅ(
762 3133 883 3171 studio
905 3134 1072 3183 quodam
1095 3146 1205 3186 atque
1230 3133 1466 3173 affectatione
1488 3131 1664 3183 provecti,

127 3188 295 3228 V0L.11.
800 3188 875 3228 Hh
911 3197 930 3227 2'
1516 3185 1665 3238 prorsus
