1973 3570
98 239 204 287 340,
416 212 1540 272 ‘PARMENr-DlssTELEsu,

266 309 534 366 potentiss'lma‚
549 315 586 351 &
600 313 709 364 plane
724 310 986 361 insuperabilis,
1003 312 1039 346 ὅ(
1054 310 1169 351 veluti
1182 320 1330 347 merum
1346 308 1466 346 fatum
1481 311 1518 346 ὅ(
1528 306 1729 349 necessitas.
1760 311 1868 347 Hanc

271 378 398 407 autem
414 369 594 409 virtutem
608 379 678 404 nec
691 377 849 404 conatur
865 361 1027 415 Telestus
1042 365 1088 401 ad
1101 364 1267 401 calidum
1288 366 1323 400 &
1339 363 1517 413 frigidum
1542 364 1691 402 referre.
1735 365 1866 412 Atque

271 423 347 468 hoc
359 422 475 464 re&e;
503 432 626 469 neque
640 423 744 459 enim
773 420 911 458 scilicet
935 429 997 457 aut
1013 419 1247 465 incendium,
1268 428 1329 455 aut
1349 427 1480 467 torpor
1496 419 1532 454 ὃ(
1553 420 1767 468 congelatio
1781 420 1869 458 h‘uic

271 479 324 515 rei
339 477 480 525 aliquid
499 476 641 513 addunt
655 477 716 514 vel
737 475 949 520 detrahunt,
970 486 1040 511 nec
1055 473 1160 524 super
1181 485 1271 510 eum
1286 471 1424 521 aliquid
1447 472 1596 522 possunt
1621 485 1709 510 cum
1723 474 1798 522 ipsa
1812 477 1870 512 in—

272 534 384 570 terim
404 526 495 569 &in
512 530 601 577 sole,
623 532 661 567 <Sc
676 531 722 567 ad
737 540 910 567 centrum
935 539 1055 566 terrac
1071 530 1109 564 δε
1131 527 1269 577 ubique
1283 530 1417 576 vigeat.
1474 528 1548 565 Sed
1563 529 1603 564 in
1618 539 1666 565 eo
1689 527 1805 577 lapsus
1818 531 1867 569 vi-

273 589 394 634 detur,
415 586 518 634 quod
535 585 679 622 molem
701 586 876 622 materiae
890 594 1030 621 certam
1047 584 1083 620 ὃ(
1100 582 1293 620 definitam
1309 580 1476 631 agnoscit
1488 597 1502 623 ς
1537 582 1584 619 ad
1600 584 1775 619 virtutem
1797 594 1871 632 qua

275 640 313 678 se
327 642 493 678 numeris
519 638 781 686 suis-tueatur,
812 638 981 685 caecutit,
1006 648 1164 685 eamque
1193 633 1508 689 (profundiffimis
1536 637 1875 685 Peripateticorum

274 694 433 734 tenebris
448 693 660 743 immersus)
691 693 875 731 accefforii
900 693 990 729 loco
1004 690 1117 739 ducit,
1137 703 1226 729 cum
1245 689 1287 728 fit
1307 692 1469 728 maxime
1484 690 1705 740 principalis,
1739 704 1873 743 corpus

275 749 385 788 suum
399 751 557 794 vibrans,
588 748 686 786 aliud
711 747 947 793 submovens,
971 746 1088 783 solida
1112 748 1149 783 ὅ(
1163 746 1399 782 adamantina
1418 745 1458 782 in
1489 744 1618 796 scipso,
1638 756 1750 795 atque
1771 750 1876 786 unde

276 804 422 841 decreta
444 806 479 839 ὅ(
499 799 681 854 poffibilis
695 805 732 839 ὃ(
758 797 995 851 impofl'ibilis
1014 810 1191 837 emanant
1218 800 1444 837 authoritate
1463 798 1680 837 inviolabili.
1739 803 1873 841 Schola

277 858 411 896 itidem
434 858 594 906 vulgaris
609 868 692 894 eam
708 856 808 893 facili
827 856 1034 893 verborum
1059 855 1260 903 complexu
1274 856 1466 906 pueriliter
1480 854 1637 904 prensat,
1654 854 1872 909 satisfaciam

278 911 363 950 huic
383 911 605 961 cogitationi
620 921 764 961 putans,
787 908 813 947 fi
846 910 924 947 duo
948 921 1105 958 corpora
1140 910 1179 945 in
1204 909 1340 946 eodem
1369 909 1458 946 loco
1480 921 1562 946 non
1586 909 1685 958 poss'e
1708 911 1781 949 effi:
1804 925 1881 962 pr0*

280 979 427 1004 canone
446 976 575 1015 ponat,
600 968 779 1002 virtutem
800 974 926 1002 autem
955 965 1071 1010 istam,
1096 974 1205 1014 atque
1226 965 1302 1010 ejus
1324 963 1495 1009 modum,
1519 975 1716 1012 nunquam
1743 970 1877 1016 apertis

280 1019 398 1059 oculis
418 1021 709 1070 contemplatur,
739 1021 776 1057 δε
808 1020 854 1057 acl
887 1020 1014 1056 vivum
1048 1018 1217 1060 dill'ecat3
1263 1030 1398 1070 parum
1422 1018 1558 1055 seilicet
1581 1021 1707 1068 gnara,
1739 1031 1878 1069 quanta

282 1088 325 1114 ex
345 1087 387 1113 ea
409 1076 609 1126 pendeant,
625 1078 661 1113 &
676 1075 795 1124 qualis
817 1075 879 1111 lux
899 1074 988 1110 inde
1010 1072 1170 1111 scientiis
1194 1075 1390 1110 exoriatur.
1447 1074 1591 1111 Verum
1622 1073 1744 1122 (quod
1775 1088 1877 1114 nunc

282 1131 419 1181 agitur)
435 1129 496 1167 ista
510 1132 626 1168 virtus
640 1138 930 1178 quantacunque
952 1138 1051 1166 extra
1074 1124 1207 1178 Telesti
1225 1127 1404 1179 principia
1422 1128 1531 1165 cadit.
1588 1129 1876 1169 Transeundum

285 1186 362 1232 jam
376 1185 421 1222 ad
435 1184 612 1223 virtutem
627 1186 744 1231 illam,
769 1187 863 1232 qu'ae
878 1183 923 1220 ad
943 1184 1109 1233 priorem
1138 1183 1234 1220 hanc
1256 1183 1304 1219 est
1324 1193 1505 1230 tanquam
1534 1183 1768 1234 antistropha,
1795 1198 1877 1224 cam

286 1239 426 1278 scilicet
445 1252 539 1289 quae
559 1251 699 1278 nexum
715 1238 888 1277 materiae
908 1248 1043 1275 tuetur.
1101 1238 1161 1277 Ut
1177 1239 1280 1274 enirn
1296 1239 1450 1275 materia
1464 1249 1484 1274 a
1499 1239 1653 1274 materia
1673 1240 1784 1276 obrui
1798 1252 1881 1279 non·

287 1296 379 1341 vult,
410 1296 461 1332 ita
489 1306 560 1333 nec
587 1295 740 1332 materia
767 1307 789 1331 a
815 1295 970 1331 materia
1002 1292 1139 1330 divelli.
1196 1292 1327 1340 Atque
1362 1292 1610 1330 nihilominus
1634 1303 1761 1331 utrum
1789 1296 1880 1333 hacc

288 1360 440 1397 naturae
461 1350 519 1386 lex
539 1348 584 1387 fit
606 1361 723 1397 aeque
746 1360 788 1387 ac
816 1349 880 1386 illa
902 1349 1016 1384 altera
1042 1346 1305 1399 peremptoria,
1335 1359 1512 1396 magnam
1540 1347 1650 1384 habet
1678 1348 1882 1388 dubitatio·
1911 1379 1914 1383 .

288 1416 389 1442 nem.
448 1400 584 1455 Teleste
599 1406 716 1450 enim,
736 1402 1060 1452 quemadmodum
1076 1404 1112 1438 ὃ(
1128 1399 1376 1447 Democrito,
1400 1413 1558 1438 vacuum
1573 1414 1832 1442 coacervatum
1843 1409 1881 1444 δε

288 1456 364 1496 fine
378 1468 479 1496 meta
492 1458 567 1496 dari
581 1459 732 1508 placuit,
761 1468 802 1496 ut
825 1458 926 1494 entia
950 1455 1145 1505 singularia
1164 1457 1389 1505 contiguum
1418 1455 1524 1493 suum
1552 1456 1757 1506 deponant,
1784 1471 1881 1498 nona

288 1524 484 1562 nunquam
500 1515 537 1550 ὃ(
557 1512 739 1560 deserant,
764 1524 871 1562 aegre
893 1510 951 1561 (ut
971 1509 1093 1559 aiunt)
1122 1513 1158 1548 ὃ(
1177 1511 1380 1557 illibenter,
1409 1510 1476 1548 sed
1493 1512 1634 1556 majore
1661 1523 1799 1565 nempe
1817 1517 1881 1555 ali-

291 1580 368 1618 qua¹
378 1569 560 1606 violentia
574 1568 720 1605 domita
741 1569 777 1604 ὃ(
792 1567 917 1604 coacta
932 1584 947 1609 ‚-
990 1566 1104 1614 idque
1125 1567 1190 1603 ille
1216 1564 1410 1603 nonnullis
1439 1567 1702 1615 experimentis
1724 1569 1883 1608 demon·

289 1622 396 1668 strare
410 1621 620 1670 contendit,
643 1634 685 1660 ea
699 1618 935 1672 potiffimum
950 1621 1147 1668 adducens,
1168 1633 1262 1670 quae
1289 1616 1422 1672 passim
1445 1622 1606 1659 citantur
1634 1623 1680 1659 ad
1699 1623 1883 1674 abnegan-

289 1677 383 1721 dum
399 1680 436 1715 &
451 1678 889 1724 refellendumvvacuum,
905 1689 1021 1725 eaque
1035 1687 1214 1725 tanquam
1231 1675 1423 1714 extrahens
1438 1678 1474 1714 ὅ(
1488 1677 1667 1728 amplians
1681 1690 1730 1715 eo
1748 1679 1882 1728 modo,

290 1743 332 1771 ut
348 1734 450 1777 entia
465 1732 580 1770 videri
595 1728 738 1785 possint
760 1732 800 1770 in
828 1730 900 1770 levi
918 1733 1041 1780 aliqua
1066 1727 1280 1769 necestitate
1303 1728 1431 1780 pofita,
1464 1732 1690 1780 contiguum
1711 1731 1802 1771 illud
1831 1744 1882 1773 te-

289 1801 405 1830 nere3
448 1785 502 1825 fin
530 1789 714 1835 majorem
745 1789 786 1825 in
813 1787 974 1824 modum
1002 1796 1261 1835 torqueantur,
1286 1797 1445 1824 vacuum
1468 1786 1686 1829 admittere5
1724 1786 1827 1827 ficuti
1841 1789 1882 1828 in

290 1843 490 1896 clepsydris
511 1844 649 1892 aqucis,
679 1844 719 1879 in
742 1842 876 1891 quibus
909 1839 935 1879 fi
962 1841 1148 1887 foramen,
1171 1853 1236 1893 per
1265 1841 1369 1890 quod
1392 1851 1486 1889 aqua
1513 1840 1735 1880 descendere
1755 1841 1882 1894 possit‚

292 1893 474 1937 minutius
490 1898 544 1946 fit,
559 1898 739 1948 spiraculo
754 1897 930 1946 egebunt,
954 1906 995 1933 ut
1011 1908 1104 1945 aqua
1122 1895 1339 1937 descendat3
1380 1894 1433 1932 fin
1458 1897 1576 1943 latius,
1612 1898 1725 1934 ctiam
1749 1899 1884 1949 absque

293 1955 475 2006 spiraculo
491 1965 585 2002 aqua
605 1955 645 1991 in
668 1952 844 1989 foramen
871 1952 1013 1997 majore
1040 1951 1145 1988 mole
1172 1951 1405 1996 incumbens,
1442 1953 1479 1988 &
1507 1963 1665 1988 vacuum
1698 1952 1803 2005 supra
1827 1956 1883 1993 nil

292 2017 451 2055 morata,
467 2006 641 2046 deorsum
657 2007 785 2045 fertur.
843 2007 1024 2044 Similiter
1047 2008 1088 2043 in
1111 2006 1276 2053 follibus,
1305 2007 1347 2043 in
1369 2006 1504 2055 quibus
1527 2004 1553 2043 fi
1581 2018 1622 2043 ca
1655 2011 1882 2058 comprimas

294 2066 332 2102 ὅ(
347 2064 533 2110 occludas,
548 2073 589 2100 ut
605 2063 730 2099 nullus
745 2061 912 2099 illabenti
936 2062 1010 2098 aeri
1032 2061 1152 2098 aditus
1173 2070 1305 2111 pateat,
1333 2073 1375 2098 ac
1398 2061 1520 2111 postea
1547 2063 1665 2098 eleves
1694 2065 1730 2100 &
1753 2076 1884 2113 expan-

294 2119 368 2166 das,
392 2117 418 2156 fi
444 2119 551 2169 pellis
568 2118 714 2168 gracilis
741 2115 783 2154 fit
811 2118 848 2154 δ’(
865 2117 1011 2162 debilis,
1031 2116 1260 2167 dirumpitur
1279 2116 1386 2168 pellis
1397 2133 1410 2158 ‚-
1453 2114 1479 2152 fi
1499 2116 1604 2153 craffa
1629 2118 1665 2153 &
1685 2117 1807 2168 frangi
1830 2118 1884 2156 in-

295 2182 391 2227 epta,
415 2177 497 2211 non
513 2174 605 2212 item
621 2186 631 2214 3
661 2175 696 2210 ὅ(
712 2171 780 2209 alia
793 2170 1019 2218 hujusmodi.
1075 2172 1220 2208 Verum
1235 2172 1486 2222 experimenta
1502 2169 1562 2207 ista
1580 2183 1649 2208 nec
1664 2174 1784 2210 exacte
1799 2186 1884 2223 pro-

293 2229 377 2269 bata
399 2228 496 2275 sunt,
520 2240 591 2266 nec
605 2225 840 2278 inquisitioni
854 2227 1019 2264 omnino
1040 2224 1276 2273 satisfaciunt,
1306 2236 1368 2264 aut
1397 2225 1649 2282 quaestionem
1668 2230 1884 2275 terminant,

294 2291 403 2335 atque
416 2286 504 2322 licet
523 2295 588 2336 per
605 2284 668 2320 illa
683 2279 723 2320 T
719 2279 847 2332 elcfius
860 2281 896 2319 se
911 2281 1043 2318 addere
1058 2282 1167 2318 rebus
1183 2283 1219 2318 &
1234 2282 1395 2318 inventis
1410 2290 1528 2330 putet,
1550 2281 1586 2317 &
1614 2283 1717 2329 quod
1741 2283 1788 2320 ab
1804 2285 1884 2321 aliis

293 2337 480 2377 confufius
508 2337 748 2376 observatum
781 2335 841 2384 est,
869 2336 1039 2374 subtilius
1061 2336 1281 2386 distinguere
1305 2338 1458 2382 nitatur,
1480 2344 1607 2371 tamen
1633 2338 1743 2374 nullo
1763 2340 1885 2376 modo

295 2404 358 2443 par
376 2395 483 2432 rebus
498 2394 633 2440 evadit,
656 2404 728 2431 nec
742 2393 883 2429 exitum
898 2393 952 2429 rei
972 2391 1124 2436 evolvit,
1145 2390 1206 2428 sed
1234 2392 1274 2427 in
1297 2390 1430 2428 mediis
1443 2389 1589 2442 prorsus
1604 2390 1726 2429 deficit
1737 2410 1750 2435 ς
1779 2394 1886 2441 quod

297 2453 340 2485 e'x
356 2460 461 2486 more
477 2447 525 2486 cst
540 2450 577 2487 ὃ(
592 2446 657 2500 ipsi
672 2450 708 2485 &
720 2447 985 2496 Peripateticis,
1003 2447 1067 2494 qui
1087 2445 1132 2483 ad
1152 2444 1401 2495 experimenta
1429 2444 1642 2483 contuenda
1668 2446 1776 2484 instar
1796 2460 1886 2486 noc-

300 2508 447 2541 tuarum
466 2503 562 2551 sunt,
586 2504 710 2552 neque
729 2502 769 2539 id
787 2513 866 2539 tam
897 2502 949 2539 ob
975 2500 1159 2538 facultatis
1181 2499 1491 2547 imbecillitatem,
1519 2499 1579 2537 sed
1609 2500 1661 2538 ob
1691 2504 1886 2541 cataracms

299 2556 540 2609 opinionum,
576 2561 615 2596 ὅ(
646 2558 980 2606 contemplationis
1012 2557 1144 2605 plenae
1172 2557 1210 2592 ὅ(
1246 2554 1337 2592 fixae
1370 2555 1655 2607 impatientiam.
1710 2556 1886 2608 Quaestio

299 2616 388 2650 vero
409 2612 470 2649 ista
494 2612 554 2662 (cx
570 2615 732 2651 maxime
747 2613 882 2660 arduis)
901 2611 1097 2661 quousque
1111 2611 1219 2647 detur
1234 2620 1405 2657 vacuum,
1435 2613 1471 2648 ὃ(
1487 2610 1531 2647 ad
1556 2621 1650 2658 quae
1673 2609 1785 2659 spatia
1806 2612 1884 2650 fieri

301 2662 414 2719 possit
431 2666 617 2704 seminum
639 2670 699 2705 vel
719 2666 838 2705 coitio
856 2668 915 2705 vel
936 2666 1131 2712 distractio,
1161 2667 1198 2703 &
1221 2663 1310 2714 quid
1332 2662 1372 2703 fit
1393 2666 1433 2702 in
1459 2665 1534 2702 hoc
1560 2671 1695 2713 genere
1718 2677 1886 2719 peremp-

301 2723 457 2768 torium,
491 2723 528 2759 ὅ(
550 2722 774 2770 invariabile,
813 2721 859 2759 ad
894 2723 1024 2759 locum
1067 2721 1132 2758 ubi
1167 2721 1215 2758 de
1251 2732 1369 2757 vacuo
1401 2719 1633 2757 tractandum
1661 2721 1742 2767 erit,
1770 2722 1886 2768 rejici-

302 2782 396 2814 mus.
452 2777 589 2824 Neque
604 2778 706 2814 enim
723 2779 888 2816 multum
908 2776 1056 2814 interest
1076 2774 1122 2813 ad
1137 2775 1175 2812 id
1199 2775 1302 2824 quod
1324 2786 1427 2812 nunc
1455 2776 1586 2824 agitur,
1609 2783 1736 2810 utrum
1757 2786 1887 2814 natura

302 2834 461 2870 vacuum
475 2831 622 2881 penitus
645 2831 800 2884 respuat,
826 2842 875 2869 an
895 2832 998 2870 ‘entia
1027 2830 1087 2882 (ut
1120 2831 1352 2868 emendatius
1383 2828 1419 2867 'se
1447 2829 1552 2879 loqui
1579 2838 1683 2879 putat
1707 2824 1885 2881 Telqsius)

300 2889 439 2924 mutuo
466 2885 641 2923 contactu
671 2887 865 2934 gaudeant.
922 2887 1018 2925 Illud
1047 2884 1147 2923 enim
1171 2886 1326 2935 planum
1356 2884 1522 2930 facimus,
1551 2881 1654 2919 istam
1679 2881 1750 2922 five
1781 2887 1886 2924 vacui

302 2941 444 2990 fugam,
468 2938 538 2984 five
557 2940 747 2978 contactus
769 2942 999 2993 cupidinem,
1021 2942 1130 2979 nullo
1152 2940 1273 2977 modo
1298 2952 1319 2977 a
1333 2939 1468 2985 calido,
1489 2941 1526 2975 &
1555 2937 1695 2986 frigido
1709 2941 1884 2988 pendere,

304 3007 375 3034 nec
403 2997 423 3033 a
439 2991 576 3045 Teleste
600 2991 664 3045 ipsi
679 2994 842 3042 adscribi,
866 3006 940 3035 nee
962 3009 1004 3034 ex
1024 3007 1152 3034 rerum
1179 2996 1255 3033 ulla
1283 2993 1466 3032 evidentia
1494 2992 1567 3029 illis
1589 2992 1740 3031 adscribi
1760 2994 1859 3043 posse
1870 3013 1885 3038 ,-

303 3052 393 3089 cu'm
441 3051 597 3089 materia
643 3050 732 3087 loco
775 3052 880 3087 'mota
927 3052 1038 3088 aliam
1076 3049 1223 3099 prorsus
1259 3050 1454 3086 materiam
1485 3046 1616 3092 trahat,
1648 3045 1718 3085 five
1754 3049 1827 3088 illa.
1843 3048 1886 3089 fit

302 3105 421 3143 calida
439 3103 509 3143 five
540 3104 689 3155 frigida,
714 3102 788 3146 sive
805 3105 949 3152 liquida
968 3103 1040 3144 five
1058 3103 1163 3151 fleca,
1190 3102 1261 3144 five
1287 3103 1378 3141 dura
1405 3100 1475 3141 five
1501 3102 1640 3150 mollis,
1669 3100 1739 3141 five
1768 3105 1887 3144 amica

439 3174 441 3178 ’
1120 3186 1124 3189 «
1816 3156 1887 3197 five

1865 3270 1881 3279 ,,

1865 3284 1885 3292 ,ι
