1973 3570
90 324 183 370 „90

297 301 808 351 DESCRIPTIO
844 297 1092 346 GLoBI
1129 297 1762 346 INTELLECTUAL.

259 402 405 452 agendi,
425 402 528 451 quod
548 401 684 450 absque
703 410 781 436 arte
796 400 918 436 aetum
935 411 1016 435 non
1031 397 1170 435 fuisset:
1201 396 1270 435 sive
1290 398 1383 435 illud
1398 399 1451 435 vis
1471 409 1624 437 vocetur
1644 403 1681 439 ὃ(
1696 401 1852 450 vincula,

261 458 331 495 sive
346 459 525 495 auxilium
542 459 578 493 ὃς
592 454 782 508 perfeeiio.
826 453 1011 491 Paticmur
1036 455 1160 501 itaque
1187 452 1370 490 historiam
1388 456 1595 491 naturalem
1610 454 1648 492 in
1664 456 1854 498 historiam

262 512 576 563 generationinn3
606 510 795 548 historiam
817 510 1275 561 praetcrgenerationum3
1314 507 1553 546 &historiam
1573 510 1719 558 artium,
1741 526 1854 561 quam

263 570 378 605 etiam
398 566 654 604 mechanicam
671 569 705 603 ἃ
727 564 1055 614 experimentalem
1071 564 1251 612 appellare
1266 563 1539 601 consuevimus.
1595 566 1773 604 Libenter
1795 582 1855 606 au-

264 634 344 661 tem
360 621 546 659 historiam
569 620 703 658 artium
719 631 758 657 ut
775 619 944 656 historiae
960 617 1133 656 naturalis
1154 618 1313 668 speciem
1330 618 1588 656 constituimus
1605 638 1617 663 ‚-
1649 620 1734 668 quia
1757 622 1857 662 inve-

264 677 394 716 teravit
412 676 560 726 prorsus
581 689 666 713 mos
687 673 884 712 differendi
905 676 941 710 δε
958 672 1102 724 opinio,
1129 686 1170 710 ac
1189 671 1214 709 si
1229 673 1327 710 aliud
1343 672 1534 722 quippiam
1548 675 1632 712 ess'et
1648 688 1704 713 ars
1718 690 1738 714 a
1753 690 1859 716 natu-

263 746 313 779 ra,
329 743 371 769 ut
391 731 590 769 artificialia
610 743 629 767 a
644 730 873 767 naturalibus
888 727 1065 777 segregari
1078 728 1249 773 debeant,
1269 738 1451 776 tanquam
1466 739 1553 765 toto
1580 741 1716 778 genere
1730 732 1856 772 discre-

264 789 414 839 pantia:
445 787 546 823 unde
562 788 597 822 ὃ(
613 785 704 821 illud
721 785 822 829 mali,
850 784 952 831 quod
977 782 1144 833 plerique
1173 781 1340 819 historiae
1364 782 1538 820 naturalis
1559 784 1754 834 scriptores
1779 802 1859 840 pcr-

266 843 416 878 funSmS
446 841 480 877 se
501 849 645 891 putant,
676 838 700 875 si
721 838 912 874 historiam
932 838 1154 874 animalium
1182 847 1244 874 aut
1273 838 1496 885 plantarum,
1524 850 1586 876 aut
1618 842 1860 882 minei-alium

267 897 513 941 confecerint,
537 890 681 931 omissis
711 894 847 929 artium
873 892 1174 928 mechanicarum
1198 893 1461 941 experimentis
1489 892 1600 943 (quae
1614 896 1730 945 longe
1750 901 1862 936 maxi-

268 953 321 987 mi
339 951 382 986 ad
398 948 671 1000 philosophiam
688 948 878 984 momenti
899 946 982 983 sunt
995 944 1034 995 ς)
1059 957 1144 983 tum
1162 945 1275 984 ctiam
1304 947 1468 984 illabitur
1496 949 1630 986 animis
1655 951 1861 991 hominum

268 1004 433 1042 subtilius
449 1003 547 1040 aliud
563 1004 706 1040 malum
722 1017 732 1043 ς
761 1014 897 1053 nempe
913 1011 952 1038 ut
971 1014 1027 1038 ars
1042 1001 1232 1038 censeatur
1248 1001 1493 1039 solummodo
1507 1013 1548 1040 ut
1563 1004 1864 1045 additamentum

268 1060 461 1111 quoddam
473 1068 623 1096 naturae
639 1072 648 1099 5
677 1059 780 1100 cujus
796 1057 933 1094 scilicet
948 1068 990 1093 ea
1004 1054 1045 1093 sit
1060 1058 1125 1102 vis,
1141 1067 1182 1093 ut
1199 1066 1368 1093 naturam
1379 1058 1437 1094 vel
1453 1058 1668 1096 inchoatam
1678 1062 1864 1110 perficere,

265 1116 324 1151 vel
344 1114 561 1151 inclinatam
576 1114 775 1150 emendare
789 1108 924 1161 possit3
954 1111 1112 1148 minime
1127 1124 1216 1148 vcro
1231 1112 1404 1154 radicitus
1424 1113 1681 1161 transmutare,
1697 1127 1808 1165 atque
1823 1120 1865 1156 in

269 1169 353 1205 imis
374 1180 576 1206 concutere
591 1187 604 1211 ‚-
649 1169 752 1217 quod
776 1169 984 1216 plurimum
1000 1168 1108 1203 rebus
1137 1165 1307 1203 humanis
1327 1164 1594 1216 desperationis
1610 1171 1749 1208 intulit.
1805 1173 1864 1210 At

268 1224 401 1261 contra
416 1223 508 1261 illud
523 1223 670 1275 penitus
694 1222 1047 1260 animis‘hominum
1064 1220 1218 1258 insidere
1236 1222 1423 1267 debuerat,
1439 1223 1642 1261 artificialia
1656 1238 1676 1262 a
1692 1229 1867 1264 naturali-

270 1281 337 1316 bus
353 1292 433 1316 non
449 1279 572 1316 forma
593 1289 654 1315 aut
674 1278 834 1323 essentia,
865 1276 925 1313 scd
941 1273 1127 1315 efficiente
1146 1287 1295 1313 tantum
1315 1275 1491 1317 differre3
1534 1278 1684 1316 homini
1714 1294 1799 1324 vere
1826 1282 1866 1319 in

270 1344 440 1370 naturam
457 1335 566 1385 plane
582 1332 719 1370 nullius
745 1331 795 1369 rei
810 1332 1030 1383 potestatem
1059 1331 1139 1377 effe,
1166 1341 1423 1380 praeterquam
1449 1342 1601 1369 motus:
1644 1345 1685 1372 ut
1709 1347 1869 1386 corpora

270 1388 409 1425 scilicet
433 1389 614 1426 naturalia
636 1399 698 1425 aut
714 1388 924 1426 admoveat,
945 1396 1006 1422 aut
1022 1396 1193 1422 amoveat
1205 1403 1219 1428 ,ς
1249 1387 1393 1432 reliqua
1415 1396 1588 1433 naturam
1607 1390 1708 1427 intus
1734 1403 1801 1442 per
1832 1391 1868 1429 se

270 1441 480 1492 transigere.
538 1445 665 1490 Itaque
691 1443 754 1479 ubi
776 1442 883 1478 datur
898 1439 1024 1476 debita
1039 1440 1213 1476 admotio
1237 1451 1441 1489 corporum
1470 1443 1697 1481 naturalium
1726 1457 1788 1484 aut
1814 1459 1868 1484 re-

270 1499 409 1544 motio,
434 1499 564 1534 omnia
584 1497 702 1546 potest
717 1498 849 1540 homo,
879 1505 989 1543 atque
1004 1506 1059 1530 ars
1076 1508 1083 1531 :
1113 1493 1175 1531 ubi
1190 1507 1271 1531 non
1292 1496 1401 1532 datur
1420 1494 1523 1533 nihil.
1579 1498 1720 1536 Rursus
1739 1511 1868 1539 autem

274 1553 395 1589 modo
410 1564 617 1601 corporum
633 1551 694 1588 fiat
710 1549 833 1587 debita
855 1548 917 1586 illa
938 1550 1122 1595 admodo,
1153 1560 1214 1586 aut
1230 1551 1408 1596 remotio,
1429 1549 1468 1587 in
1485 1552 1619 1589 ordine
1642 1554 1687 1590 ad
1703 1557 1868 1604 aliquem

271 1607 460 1652 effcffiun,
483 1605 552 1644 sive
568 1606 641 1643 hoc
656 1618 720 1655 per
736 1605 935 1642 hominem
952 1606 988 1641 ὅ(
1002 1615 1122 1641 artem
1137 1604 1211 1652 fiat,
1233 1602 1302 1641 sive
1319 1607 1533 1643 naturaliter
1548 1608 1683 1656 absque
1698 1610 1883 1658 homine,

269 1674 403 1711 parum
420 1661 542 1699 refert.
600 1663 736 1712 Neque
761 1661 834 1698 hoc
850 1660 919 1696 illo
933 1658 1064 1696 fortius
1079 1659 1139 1706 est,
1165 1661 1281 1697 veluti
1312 1658 1336 1697 si
1358 1661 1440 1707 quis
1468 1673 1510 1697 ex
1526 1661 1732 1711 aspersione
1752 1678 1870 1714 aquae

270 1716 535 1754 simulachrum
556 1717 656 1753 iridis
677 1716 783 1767 super
798 1716 979 1767 parietem
995 1713 1139 1761 excitet,
1169 1727 1250 1752 non
1266 1716 1392 1751 minus
1411 1715 1639 1767 obsequente
1662 1722 1781 1757 utitur
1804 1733 1870 1758 na-

269 1781 362 1817 tura,
385 1784 499 1820 quam
513 1783 602 1809 cum
617 1771 718 1808 idem
737 1771 778 1807 fit
793 1769 832 1807 in·
847 1771 930 1807 a‘ere
947 1782 990 1807 ex
1005 1770 1107 1806 nube
1122 1769 1272 1806 roscida.
1332 1770 1480 1807 Contra
1493 1784 1593 1818 vero,
1619 1786 1706 1810 cum
1734 1787 1870 1813 aurum

270 1826 458 1864 invenitur
474 1828 515 1863 in
530 1828 690 1863 arenulis
705 1837 853 1875 purum,
869 1837 983 1873 aeque
995 1822 1060 1861 fibi
1075 1823 1137 1876 ipsi
1148 1823 1326 1861 ministrat
1336 1836 1478 1872 natura,
1493 1838 1535 1863 ac
1550 1825 1575 1863 si
1591 1840 1720 1866 aurum
1731 1841 1870 1879 purum

268 1894 334 1933 per
349 1881 544 1919 fornacem
561 1883 597 1918 δε
612 1879 857 1918 ministerium
874 1879 1038 1917 hominis
1057 1890 1337 1930 excoqueretur.
1392 1879 1616 1929 Aliquando
1627 1893 1751 1921 autem
1762 1884 1872 1922 mini-

269 1937 418 1973 sterium
435 1949 477 1973 ex
494 1938 574 1986 lege
590 1934 749 1974 universi
764 1934 840 1972 aliis
854 1934 1076 1972 animalibus
1090 1935 1308 1986 deputatur:
1346 1948 1469 1983 neque
1486 1938 1589 1973 enim
1618 1937 1743 1976 minus
1763 1939 1880 1978 artifi->

270 1992 362 2027 ciale
377 1992 558 2038 quiddam
571 1989 620 2027 est
635 1992 723 2037 mel,
739 1991 841 2042 quod
852 1990 892 2027 fit
907 1989 1096 2027 mediante
1112 1988 1284 2026 industria
1300 1991 1386 2039 apis,
1403 2003 1516 2038 quam
1532 1991 1754 2041 saccharum,
1765 1996 1872 2043 quod

270 2044 448 2092 hominia
466 2056 576 2095 atque
592 2048 632 2082 in
650 2058 798 2092 manna,
823 2044 944 2095 (quod
958 2043 1087 2081 similis
1103 2044 1151 2081 est
1166 2044 1328 2095 generis)
1350 2056 1479 2083 natura
1494 2045 1602 2098 seipsa
1616 2059 1795 2087 contenta
1810 2050 1870 2088 est.

267 2101 398 2149 Itaque
414 2113 501 2137 cum
518 2113 591 2138 una
607 2111 717 2149 atque
739 2101 870 2138 eadem
886 2098 927 2137 sit
944 2109 1087 2146 natura,
1109 2101 1139 2144 ej
1147 2112 1186 2137 us
1201 2110 1327 2137 autem
1355 2099 1406 2138 vis
1425 2113 1490 2151 per
1508 2103 1638 2139 onmia
1654 2104 1782 2148 valeat,
1808 2117 1872 2142 ne-

273 2168 345 2203 que
362 2168 528 2206 unquam
548 2156 611 2192 illa
630 2169 649 2192 a
679 2155 790 2205 seipsa
810 2153 979 2192 desciscat
996 2169 1005 2195 3
1035 2156 1200 2192 omnino
1220 2165 1399 2204 tanquam
1419 2168 1462 2192 ex
1483 2168 1603 2206 aequo
1631 2157 1874 2197 subordinata

271 2220 420 2247 tantum
441 2211 485 2247 ad
500 2221 672 2247 naturam
688 2212 781 2260 poni
797 2210 935 2247 debent
952 2209 1041 2246 haec
1051 2208 1129 2256 tria,
1141 2210 1265 2247 cursus
1275 2221 1425 2247 naturae
1441 2224 1451 2250 ς
1473 2211 1685 2260 exspatiatio
1700 2224 1872 2256 naturae3

271 2268 308 2301 ἅ
329 2278 384 2301 ars
400 2263 468 2302 sive
488 2265 633 2302 additus
650 2267 757 2303 rebus
772 2265 914 2305 horno3
943 2265 1104 2313 ideoque
1117 2267 1157 2302 in
1173 2264 1320 2302 historia
1335 2264 1492 2302 naturali
1513 2278 1555 2302 ea
1578 2269 1720 2314 omnia,
1741 2281 1816 2308 una
1835 2272 1876 2307 δε

271 2319 451 2356 continua
472 2322 728 2357 narrationum
746 2320 849 2366 serie,
872 2319 1013 2357 involvi
1025 2333 1088 2371 par
1104 2321 1151 2357 est
1169 2334 1176 2356 :
1206 2320 1311 2369 quod
1331 2318 1442 2357 etiam
1458 2319 1578 2357 Caius
1594 2320 1757 2360 Plinius
1772 2335 1873 2374 mag-

271 2387 319 2411 na
335 2387 375 2411 cx
392 2385 494 2423 parte
509 2374 622 2415 fecit3
652 2374 716 2423 qui
731 2375 922 2412 historiam
938 2377 1149 2412 naturalem
1177 2387 1248 2424 pro
1268 2373 1450 2424 dignitate
1479 2377 1696 2425 complexus
1726 2377 1786 2426 est,
1812 2379 1873 2425 sed

271 2431 506 2478 complexam
528 2426 782 2479 indignissime
799 2431 975 2467 traciavit.
1032 2429 1163 2478 Atque
1179 2432 1268 2467 haee
1283 2428 1324 2466 sit
1339 2431 1514 2467 naturalis
1534 2430 1705 2470 historiae
1719 2435 1874 2488 patritio

272 2496 402 2534 prima.

895 2595 936 2640 C
972 2595 1017 2638 A
1055 2593 1103 2638 P.
1178 2595 1257 2638 III.

278 2732 479 2782 Partit'io
502 2735 703 2798 historiae
727 2737 968 2794 naturalis,
993 2755 1046 2784 ex
1065 2735 1145 2799 usu
1169 2733 1230 2784 &²
1251 2735 1348 2800 fine
1363 2737 1448 2802 suo
1470 2757 1486 2783 .·
1543 2737 1735 2804 quodque
1763 2737 1876 2802 finis

348 2805 469 2872 longe
491 2806 765 2868 nobilzffimus
783 2808 844 2854 H
842 2805 1017 2869 istoriae
1040 2807 1304 2865 Naturalis,
1333 2809 1398 2871 fit
1421 2805 1692 2869 ministratio
1721 2812 1877 2872 prima

346 2873 411 2921 ad
447 2875 709 2922 condendam
750 2875 1074 2941 philosophiam,
1140 2873 1201 2924 &⁹
1241 2877 1361 2942 quod
1393 2875 1637 2941 hujusmodi
1678 2875 1876 2941 historia,

350 2944 653 3010 (qnaescilicet
663 2946 728 3008 fit
748 2950 795 2991 in
820 2946 971 2994 ordine
985 2945 1054 2994 ad
1072 2965 1169 2994 eum
1181 2946 1337 3014 finem)
1360 2945 1638 3012 defideretur.

389 3096 709 3137 AETERUM
736 3094 881 3132 historia
910 3099 1086 3135 naturalis
1115 3108 1157 3135 ut
1187 3098 1351 3144 subicito
1370 3099 1504 3147 triplex
1533 3098 1877 3149 (quemadmodum

406 3151 581 3201 diximus)
609 3154 659 3189 ita
683 3150 749 3188 usu
782 3150 915 3202 duplex
939 3152 998 3188 est.
1054 3151 1268 3189 Adhibetur
1293 3152 1396 3189 enim
1421 3164 1483 3191 aut
1511 3164 1665 3203 propter
1691 3157 1879 3205 cognitio-

278 3219 368 3243 nem
389 3219 513 3245 rcrum
543 3208 716 3257 ipsarum,
739 3218 831 3254 quae
861 3205 1031 3263 historiae
1060 3207 1299 3255 mandantur,
1334 3218 1397 3245 aut
1425 3219 1605 3260 tanquam
1634 3212 1788 3248 materia
1807 3213 1879 3262 pri-

1818 3277 1878 3302 ma
