1973 3570
193 313 303 361 ET
367 281 1635 369 DEMOCR'1T1·PH1LOSOP111A.

84 412 276 466 pinguiter
301 416 338 453 <Sc
363 424 407 452 cx
429 415 533 465 vulgi
561 414 640 453 fere
669 414 811 461 judicio
837 413 938 452 fecit.
997 416 1113 469 Quod
1142 415 1167 454 si
1188 419 1248 456 cui
1270 421 1412 458 mirum
1433 418 1610 471 videatur,
1639 438 1699 476 ge-

79 470 327 508 ,ncrationem
343 480 471 508 rerum
499 469 570 508 soli
588 471 758 516 attribui,
777 479 865 507 eum
886 469 941 508 sol
967 472 1066 521 ignis
1083 471 1153 510 effe
1176 473 1350 512 afferatur
1384 478 1421 514 ὅ(
1448 477 1697 529 supponatur,-

83 525 187 579 *ignis
200 535 327 563 autem
343 526 398 562 nil
415 535 589 575 generet3
618 525 655 562 id
678 526 811 564 leviter
825 524 950 571 objici.
1009 527 1219 575 Somnium
1242 530 1348 579 enim
1375 532 1489 580 plane
1514 533 1584 570 ess'c
1604 535 1698 573 illud

83 579 409 630 dehetcrogenea
434 581 603 619 calorum
628 579 715 618 solis
745 581 782 617 ὅ(
811 581 918 629 ignis.
967 577 1144 634 *infinitas
1164 579 1270 621 enim
1291 579 1361 623 ess'e
1383 589 1630 636 operationes,
1658 589 1697 628 in

84 636 224 685 quib-us
241 634 338 673 acrio
353 635 440 673 solis
455 637 493 672 &
507 635 605 673 afflo
617 633 714 685 ignis
727 634 976 678 conveniant;
1007 646 1048 675 ut
1063 635 1102 674 in
1117 640 1373 678 maturatione
1388 642 1590 689 fruetuum,
1606 656 1697 684 con-

84 690 294 735 servatione
323 691 536 741 plantarum
553 699 782 738 tenerarum,
811 691 850 728 &
867 691 1092 729 clementiae
1110 694 1211 730 coeli
1226 694 1444 734 assuetarum
1473 698 1514 734 in
1530 701 1693 748 regioni-

83 746 154 784 bus
172 745 329 796 frigidis,
355 743 566 783 exclusione
587 754 772 793 ovorum,
786 743 1021 784 restitutione
1047 749 1242 786 urinarum
1257 750 1316 787 ·ad
1339 752 1561 801 claritatem,
1582 752 1696 804 (calo-

84 812 167 838 rem
187 803 293 839 enim
321 800 409 838 solis
433 802 469 838 ὃς
484 799 655 838 animalis
675 801 958 852 conjungimus)
987 800 1266 841 resuscitatione
1293 800 1610 846 animalculorum
1635 809 1697 847 fri-

83 855 474 906 gore-obrigentium,
492 857 717 894 evocatione
731 867 866 894 eorum
883 857 919 894 ὅ(
943 869 1138 907 vaporum.
1164 858 1202 895 ’δε
1222 858 1258 896 id
1276 864 1404 910 genus.
1444 863 1544 910 ,Sed
1559 863 1695 903 nihilo-

80 912 210 949 minus
224 912 354 961 ignem
370 910 541 949 nostrum
554 913 701 950 malum
716 913 881 949 mimum
901 912 997 953 effc;
1037 925 1108 951 nec
1131 913 1218 951 solis
1241 916 1406 954 actiones
1430 916 1525 956 bene
1541 920 1694 968 imitari,

81 976 279 1016 auepxope
293 967 495 1016 attingere,
517 976 608 1005 cum
630 967 718 1004 solis
744 969 848 1004 calor
875 968 995 1005 tribus
1023 968 1173 1007 dotatus
1201 968 1243 1007 fit
1270 972 1571 1023 proprietatibuS,
1591 984 1696 1024 ‚quae

80 1021 410 1071 ignis-eommunis
430 1033 540 1072 aegre
568 1022 652 1060 ullo
679 1021 838 1059 artificio
864 1022 1136 1072 repraesentare
1164 1020 1289 1075 possit.
1348 1024 1493 1075 Primo,
1520 1030 1624 1078 quod
1651 1028 1694 1068 fit

79 1076 135 1114 ab
150 1075 372 1125 distantiam,
394 1078 510 1127 gradu
533 1075 614 1128 ipso
637 1078 768 1114 minor
786 1079 824 1114 ὅ(
841 1077 1041 1118 blandior;
1070 1078 1144 1116 hoe
1159 1092 1248 1118 vero
1263 1081 1448 1128 ejusmodi
1464 1083 1547 1131 effe,
1572 1094 1613 1122 ut
1628 1087 1693 1124 ali-

81 1143 163 1181 quo
182 1132 305 1170 modo
318 1134 547 1184 aequiparari
567 1129 681 1182 poffit
698 1149 712 1175 ς
755 1132 889 1169 caloris
921 1135 1026 1169 enim
1045 1134 1130 1170 talis
1158 1135 1309 1183 modus,
1338 1140 1457 1187 magis
1477 1132 1694 1189 incognitus

81 1187 274 1240 (1³1,qu
291 1182 532 1237 iniparabilis.
589 1187 777 1233 Secundo,
793 1187 899 1236 quod
920 1199 984 1236 per
998 1195 1058 1225 tot
1087 1191 1124 1225 δε
1153 1190 1241 1227 talia
1255 1188 1381 1229 media
1406 1189 1525 1230 fluens
1556 1197 1592 1231 ὃς
1624 1196 1693 1244 gli—

80 1241 195 1289 scens,
229 1238 502 1281 dissimularem
533 1243 724 1291 quandam
748 1241 786 1278 &
822 1244 1076 1292 generativam
1104 1242 1180 1281 vim
1213 1254 1407 1284 mutuetur
1433 1249 1470 1284 δε
1500 1244 1693 1291 obtineat}

79 1296 242 1334 maxime
256 1308 347 1335 vero
380 1297 485 1346 quod
511 1307 591 1334 tam
615 1298 775 1348 regulari
804 1298 1069 1346 inaequalitate
1089 1310 1280 1349 augeatur,
1304 1303 1510 1349 minuatur,
1532 1305 1693 1351 accedat,

78 1352 240 1399 recedat,
263 1362 578 1402 nunquamvero
606 1351 829 1390 subsultorie
851 1363 914 1389 aut
942 1354 1229 1404 praecipitanter
1255 1353 1321 1393 fibi
1346 1356 1525 1395 succedat.
1581 1360 1690 1412 Quae

76 1407 159 1446 duo
176 1407 362 1460 postrema
383 1408 430 1445 ab
447 1405 536 1456 igne
557 1407 634 1445 fere
654 1407 739 1444 sunt
755 1408 1011 1454 inimitabilia,
1036 1409 1124 1446 licet
1140 1408 1312 1448 industria
1335 1412 1535 1462 'perspicaci
1560 1415 1597 1450 ὅ(
1611 1427 1693 1466 per-

77 1462 190 1514 penfi
202 1473 262 1500 res
275 1463 432 1514 provehi
454 1459 580 1514 possit.
636 1462 769 1512 Atque
794 1462 1012 1509 hujusmodi
1027 1465 1213 1512 quaedam
1230 1465 1278 1503 de
1302 1465 1507 1506 diversitate
1522 1469 1693 1507 calorum

78 1513 256 1565 aeff'oelesto
269 1518 456 1556 dicuntur.
1583 1567 1586 1570 ,

96 1606 102 1609 ,
133 1573 199 1611 ER
212 1583 333 1611 IGID
348 1584 363 1611 1
387 1581 527 1620 autem,
548 1570 725 1610 contrarii
748 1583 886 1622 nempe
901 1572 1082 1624 principii,
1106 1584 1218 1625 atque
1232 1574 1516 1625 dispensationis
1532 1576 1610 1626 ejus
1633 1580 1692 1620 vix

77 1629 282 1669 meminit3
311 1625 380 1665 nifi
398 1628 497 1665 forte
517 1639 611 1676 quae
639 1627 687 1665 de
701 1625 946 1678 dispositione
961 1630 1138 1667 materiae
1157 1631 1232 1677 jam
1257 1630 1424 1670 secundo
1448 1634 1538 1671 loco
1566 1636 1691 1675 dicen·-

77 1692 210 1730 tur‚.ea
223 1683 312 1721 huic
327 1685 381 1720 rei
401 1682 606 1721 satisfacere
626 1682 726 1733 poffe
744 1684 953 1735 putaverim
994 1684 1101 1732 quod
1127 1694 1257 1723 tamen
1284 1686 1406 1724 faeere
1439 1694 1521 1726 non
1545 1691 1690 1738 debuit,

79 1738 390 1788 quandoquidem
405 1739 523 1789 frigus
537 1739 649 1776 nullo
664 1739 785 1776 modo
798 1739 1050 1790 privationem
1071 1741 1219 1788 caloris,
1249 1740 1310 1778 sed
1334 1745 1501 1780 omnino
1516 1745 1690 1796 principi-

78 1794 360 1841 nmsqaffivum,
396 1795 532 1831 caloris
574 1793 781 1841 aemulum,
813 1795 851 1830 &
882 1803 1065 1843 tanquam
1089 1794 1398 1847 competitorem,
1418 1798 1535 1836 videri
1555 1802 1689 1839 voluit.

77 1851 186 1902 Qne
208 1859 336 1887 autem
373 1849 421 1886 de
452 1850 630 1887 materiae
662 1846 908 1900 dispositione
933 1849 1112 1898 diss'eruit,
1135 1863 1183 1889 eo
1211 1853 1404 1903 pertinent
1431 1864 1472 1891 ut
1493 1855 1692 1894 ostendant

74 1905 280 1953 quamodo
295 1906 450 1942 materia
467 1915 487 1942 a
505 1904 631 1941 calo're
651 1905 824 1953 patiatur,
849 1906 886 1941 &
913 1903 1116 1954 subigatur,
1148 1909 1186 1943 δί
1213 1915 1390 1955 vertatur,
1414 1909 1519 1946 miffa
1537 1910 1692 1961 frigoris

77 1958 278 1997 mentione
297 1969 360 1997 aut
375 1971 473 1997 cura.
531 1960 591 1997 De
606 1960 750 2010 frigore
764 1969 892 1996 autem
910 1959 1000 2010 (nos
1021 1961 1127 1997 enim
1149 1963 1189 1999 in
1218 1963 1396 2000 omnium
1412 1964 1575 2003 inventis
1591 1965 1689 2004 sum-

76 2026 259 2053 meum
274 2015 360 2061 fide,
390 2015 428 2051 &
454 2025 636 2064 tanquam
663 2014 842 2061 faventes,
877 2013 1085 2064 versamur)
1112 2014 1330 2063 hujusmodi
1353 2019 1538 2068 quaedam
1565 2020 1691 2060 dicere

78 2072 217 2120 potuit.
274 2070 412 2108 Sedern
440 2069 569 2120 frigidi
589 2071 796 2107 immotam
823 2071 861 2106 δε
888 2070 999 2107 fixam
1032 2071 1079 2108 ad
1103 2071 1324 2110 strulsturam
1348 2074 1483 2112 caloris
1502 2076 1690 2114 mobilem

79 2126 348 2164 &versatilem
369 2126 518 2176 optime
544 2126 768 2166 convenit-<23
804 2135 985 2174 tanquam
1014 2127 1194 2164 incudem
1222 2128 1267 2164 ad
1286 2130 1478 2167 malleum.
1535 2130 1638 2170 Nam
1664 2129 1689 2168 fi

79 2182 292 2229 utrumque
309 2179 537 2230 principium
554 2181 773 2220 varietatem
802 2183 839 2217 δε
861 2182 1126 2218 alterationem
1152 2181 1343 2229 habuisset,
1365 2184 1574 2234 genuissent
1602 2199 1689 2238 pro-

78 2236 262 2274 culdubio
274 2236 377 2273 entia
408 2235 558 2273 horaria
580 2238 619 2274 &
645 2245 928 2273 momentanea.
983 2237 1109 2274 Etiam
1150 2237 1353 2276 immensas
1375 2240 1549 2288 regiones
1577 2242 1687 2278 calidi

81 2290 255 2341 (eoelum
273 2288 429 2341 scilicet)
450 2291 644 2341 compafta
671 2301 804 2328 natura
825 2291 944 2340 globi,
968 2301 1085 2328 terrae
1102 2294 1142 2328 ὅς’
1158 2293 1520 2340 circumjacentium,
1551 2295 1688 2334 nonni-

79 2345 133 2385 hil
153 2346 410 2396 compensari3
439 2358 529 2384 cum
558 2358 641 2384 non
669 2346 793 2396 spatia,
817 2345 883 2382 sed
909 2347 1017 2395 eopia
1045 2348 1221 2384 materiae
1252 2348 1291 2383 in·
1320 2346 1453 2397 spatiis,
1479 2348 1687 2399 specterum

79 2400 209 2451 frigidi
223 2412 316 2439 vero
334 2411 520 2448 naturam,
535 2403 694 2440 virtutes
709 2403 747 2438 δε
769 2402 946 2447 rationes,
969 2403 1114 2438 merito
1125 2412 1187 2439 aut
1213 2399 1363 2440 silentio
1390 2406 1597 2453 praeteriri,
1625 2418 1706 2443 aut,

82 2457 188 2495 brevi
206 2455 382 2494 sermone
395 2456 601 2495 transmitti
616 2457 765 2504 debere,
786 2468 874 2494 eum
889 2457 945 2492 nil
961 2458 1054 2493 certi
1071 2458 1107 2493 ὅ(
1121 2457 1307 2509 explorati
1329 2458 1376 2495 de
1399 2462 1447 2496 eo
1462 2459 1591 2498 haberi
1605 2460 1688 2510 pos-

78 2510 126 2550 su:
141 2510 501 2562 per2experientiam.
558 2513 750 2550 Habemus
783 2513 889 2548 enim
924 2509 1054 2561 ignem
1088 2518 1350 2560 communem,
1384 2524 1565 2563 tanquam
1599 2515 1686 2553 solis

77 2565 279 2608 vicarium3
313 2568 378 2615 qui
399 2567 533 2606 calori-s
553 2577 726 2605 natu-ram
748 2565 967 2604 manifestet.
1008 2566 1083 2603 >‘A‘r
1107 2564 1236 2616 frigidi
1256 2568 1401 2605 t'ellu'ris
1424 2567 1528 2607 nulla
1543 2569 1592 2607 est
1607 2571 1687 2609 sub*
1705 2566 1707 2568 ’

77 2620 235 2669 ffitutio,
255 2634 350 2671 quae
371 2623 413 2659 in-
427 2634 543 2661 manu
556 2622 726 2660 hominis
748 2620 802 2669 fir,
827 2621 866 2659 δε
894 2621 1112 2662 adhibeatur
1139 2622 1282 2674 praesto
1303 2623 1350 2661 ad
1372 2623 1684 2674 experimentum.

79 2678 234 2714 Etenim
248 2678 336 2715 illos
350 2677 524 2714 horrores
539 2679 577 2714 &
591 2678 734 2727 rigores
748 2678 888 2726 frigidi,
913 2678 979 2725 qui
1005 2678 1049 2714 ex
1082 2677 1202 2730 globo
1228 2680 1262 2715 ἃ
1283 2678 1428 2717 ambitu
1451 2684 1572 2718 terrae
1600 2681 1687 2729 hye-

80 2727 242 2770 malibus
270 2733 517 2782 temporibus,
549 2734 587 2769 &
609 2733 651 2769 in
679 2732 895 2783 regionibus
923 2728 1171 2781 frigidiffirnis
1192 2732 1376 2782 exspirant
1403 2727 1451 2771 i‘n‘
1469 2731 1606 2781 aerem,
1637 2746 1687 2778 te-

78 2781 191 2836 'pories
204 2788 313 2837 plane
330 2791 365 2825 ὅ(
382 2789 514 2825 balnea
528 2787 610 2834 effe,
627 2794 715 2837 prae
735 2798 869 2825 natura·
888 2786 998 2837 primi
1021 2782 1158 2837 frigidi,
1190 2789 1230 2824 in
1258 2787 1456 2837 visceribus
1484 2794 1602 2827 terrac
1631 2791 1686 2826 in-

82 2840 190 2882 erulis
218 2852 261 2880 ut
274 2843 391 2892 frigus
407 2843 514 2889 illud,
539 2843 645 2888 cu-jus
668 2842 844 2880 homines
874 2841 1021 2879 sensum
1049 2847 1085 2879 ὄζ
1112 2844 1332 2895 potestatem
1360 2844 1532 2895 h'ab'eanr,
1566 2839 1685 2881 {imile

81 2896 263 2944 quiddam
276 2895 331 2944 fit,
359 2909 401 2935 ac
425 2895 455 2934 -st
470 2899 638 2935 calorem
658 2899 809 2935 nullum
836 2897 1162 2944 alium-haberent,
1184 2908 1329 2948 practer
1350 2904 1439 2945 eum
1465 2900 1529 2947 qui
1563 2910 1582 2934 a
1606 2897 1684 2936 sole

81 2951 222 2989 aestivis
235 2952 378 2999 diebus,
403 2954 440 2989 δί
461 2954 501 2990 in
522 2952 652 2990 calidis
669 2951 887 3002 regionibus
902 2956 1071 2993 emanare
1101 2955 1167 3002 qui
1189 2953 1233 2990 ad
1249 2954 1354 3003 ignes
1373 2955 1535 2992 fornacis
1550 2952 1680 2990 arden-

80 3006 310 3053 tisicoliatus,
325 3006 561 3057 refrigerium
575 3007 770 3057 quoddam
788 3007 935 3045 censeri·
954 3004 1079 3057 poffit.
1138 3008 1211 3045 Sed·
1225 3010 1267 3045 in
1292 3010 1347 3057 iis,
1372 3017 1468 3058 'quae
1491 3006 1684 3045 subdititia

83 3060 181 3110 sunt,
201 3061 327 3109 minus
344 3063 586 3114 morandum.
644 3063 866 3100 Videndum
894 3062 1008 3112 igitur
1033 3062 1220 3113 deinceps,
1246 3063 1368 3113 qualia
1387 3061 1456 3100 sint
1471 3071 1514 3098 ea
1537 3074 1632 3110 quae
1655 3075 1680 3101 ,a

81 3111 223 3165 Teleste
234 3112 412 3156 dieunt-ut
427 3116 522 3155 circa
536 3115 821 3168 dispositionem
837 3119 1026 3165 materiae,
1046 3119 1085 3156 in
1105 3124 1221 3168 quam
1244 3120 1346 3155 calor
1373 3123 1455 3166 agat
1465 3114 1486 3159 ,ς’
1511 3118 1614 3164 cujus
1641 3129 1685 3154 ea

80 3171 132 3207 est
156 3171 293 3216 vis„ut
323 3171 511 3210 actionem
545 3173 662 3224 ipsam
691 3174 825 3211 caloris
847 3170 1087 3222 promoveat,
1121 3171 1314 3229 impediat,
1344 3173 1533 3209 immutet‘.
1590 3172 1678 3217 Ejus
1708 3206 1711 3208 .

81 3225 181 3265 ratio
199 3226 438 3279 quadruplae
467 3253 472 3256 -
493 3228 627 3267 Prima
640 3227 851 3266 differentia
881 3225 1252 3265 suuntur-*eredere
1275 3226 1591 3277 praeinekistc'n‘te,
1621 3226 1685 3262 aut'

225 3305 229 3308 -
1603 3291 1685 3317 non.

1773 308 1867 389 3522
