<?xml version="1.0" encoding="UTF-8"?>
<!DOCTYPE html PUBLIC "-//W3C//DTD XHTML 1.0 Transitional//EN"
    "http://www.w3.org/TR/xhtml1/DTD/xhtml1-transitional.dtd">
<html xmlns="http://www.w3.org/1999/xhtml" xml:lang="en" lang="en">
 <head>
  <title>
</title>
<meta http-equiv="Content-Type" content="text/html;charset=utf-8" />
  <meta name='ocr-system' content='tesseract 3.04.00' />
  <meta name='ocr-capabilities' content='ocr_page ocr_carea ocr_par ocr_line ocrx_word'/>
</head>
<body>
  <div class='ocr_page' id='page_1' title='image "./worksoffrancisba02baco_0032.png"; bbox 0 0 1973 3570; ppageno 0'>
   <div class='ocr_carea' id='block_1_1' title="bbox 498 196 1663 250">
    <p class='ocr_par' dir='ltr' id='par_1_1' title="bbox 498 196 1663 250">
     <span class='ocr_line' id='line_1_1' title="bbox 498 196 1663 250; baseline -0.004 0"><span class='ocrx_word' id='word_1_1' title='bbox 498 201 969 250; x_wconf 78' lang='lat' dir='ltr'>HISTORIAE</span> <span class='ocrx_word' id='word_1_2' title='bbox 1022 196 1533 246; x_wconf 91' lang='lat' dir='ltr'><strong>NATURALIS</strong></span> <span class='ocrx_word' id='word_1_3' title='bbox 1577 201 1663 245; x_wconf 59' lang='lat' dir='ltr'>&amp;a</span> 
     </span>
    </p>
   </div>
   <div class='ocr_carea' id='block_1_2' title="bbox 272 295 1880 2220">
    <p class='ocr_par' dir='ltr' id='par_1_2' title="bbox 272 295 1880 2220">
     <span class='ocr_line' id='line_1_2' title="bbox 273 295 1873 357; baseline -0.006 -13"><span class='ocrx_word' id='word_1_4' title='bbox 273 306 388 344; x_wconf 87' lang='lat' dir='ltr'>tionis</span> <span class='ocrx_word' id='word_1_5' title='bbox 409 318 673 357; x_wconf 56' lang='lat' dir='ltr'>proponemQ</span> <span class='ocrx_word' id='word_1_6' title='bbox 713 308 750 342; x_wconf 67' lang='grc' dir='ltr'>ὃς</span> <span class='ocrx_word' id='word_1_7' title='bbox 769 303 921 352; x_wconf 88' lang='lat' dir='ltr'>quando</span> <span class='ocrx_word' id='word_1_8' title='bbox 943 301 979 339; x_wconf 90' lang='lat' dir='ltr'>se</span> <span class='ocrx_word' id='word_1_9' title='bbox 1001 299 1190 337; x_wconf 85' lang='lat' dir='ltr'>restituant</span> <span class='ocrx_word' id='word_1_10' title='bbox 1216 308 1387 347; x_wconf 87' lang='lat' dir='ltr'>corpora,</span> <span class='ocrx_word' id='word_1_11' title='bbox 1425 295 1579 346; x_wconf 88' lang='lat' dir='ltr'>quando</span> <span class='ocrx_word' id='word_1_12' title='bbox 1604 295 1873 347; x_wconf 83' lang='lat' dir='ltr'>transmigrent</span> 
     </span>
     <span class='ocr_line' id='line_1_3' title="bbox 273 350 1874 409; baseline -0.005 -9"><span class='ocrx_word' id='word_1_13' title='bbox 273 362 478 400; x_wconf 87' lang='lat' dir='ltr'>secundum</span> <span class='ocrx_word' id='word_1_14' title='bbox 501 372 714 401; x_wconf 73' lang='lat' dir='ltr'>extentum3</span> <span class='ocrx_word' id='word_1_15' title='bbox 744 360 938 409; x_wconf 72' lang='lat' dir='ltr'>praecipue</span> <span class='ocrx_word' id='word_1_16' title='bbox 961 366 1086 393; x_wconf 88' lang='lat' dir='ltr'>autem</span> <span class='ocrx_word' id='word_1_17' title='bbox 1107 350 1308 391; x_wconf 85' lang='lat' dir='ltr'>efficientia</span> <span class='ocrx_word' id='word_1_18' title='bbox 1328 355 1365 389; x_wconf 73' lang='grc' dir='ltr'>ὅ(</span> <span class='ocrx_word' id='word_1_19' title='bbox 1388 352 1524 398; x_wconf 88' lang='lat' dir='ltr'>media,</span> <span class='ocrx_word' id='word_1_20' title='bbox 1554 363 1619 400; x_wconf 91' lang='lat' dir='ltr'>per</span> <span class='ocrx_word' id='word_1_21' title='bbox 1634 364 1729 400; x_wconf 87' lang='lat' dir='ltr'>quae</span> <span class='ocrx_word' id='word_1_22' title='bbox 1751 353 1874 400; x_wconf 72' lang='lat' dir='ltr'>hujuss</span> 
     </span>
     <span class='ocr_line' id='line_1_4' title="bbox 275 407 1875 466; baseline -0.004 -12"><span class='ocrx_word' id='word_1_23' title='bbox 275 418 382 454; x_wconf 89' lang='lat' dir='ltr'>modi</span> <span class='ocrx_word' id='word_1_24' title='bbox 404 429 607 466; x_wconf 89' lang='lat' dir='ltr'>corporum</span> <span class='ocrx_word' id='word_1_25' title='bbox 623 415 900 453; x_wconf 67' lang='lat' dir='ltr'>contra-stiones</span> <span class='ocrx_word' id='word_1_26' title='bbox 923 414 960 449; x_wconf 64' lang='grc' dir='ltr'>ὃς</span> <span class='ocrx_word' id='word_1_27' title='bbox 982 411 1219 447; x_wconf 81' lang='lat' dir='ltr'>dilatationes</span> <span class='ocrx_word' id='word_1_28' title='bbox 1242 408 1459 455; x_wconf 86' lang='lat' dir='ltr'>sequuntur,</span> <span class='ocrx_word' id='word_1_29' title='bbox 1489 407 1731 465; x_wconf 73' lang='lat' dir='ltr'>notabimus:</span> <span class='ocrx_word' id='word_1_30' title='bbox 1761 418 1875 458; x_wconf 90' lang='lat' dir='ltr'>atque</span> 
     </span>
     <span class='ocr_line' id='line_1_5' title="bbox 275 459 1874 516; baseline -0.004 -7"><span class='ocrx_word' id='word_1_31' title='bbox 275 474 430 509; x_wconf 88' lang='lat' dir='ltr'>interim</span> <span class='ocrx_word' id='word_1_32' title='bbox 452 475 605 510; x_wconf 65' lang='lat' dir='ltr'>virtutes</span> <span class='ocrx_word' id='word_1_33' title='bbox 629 473 665 508; x_wconf 68' lang='grc' dir='ltr'>ὅς</span> <span class='ocrx_word' id='word_1_34' title='bbox 688 471 849 506; x_wconf 64' lang='lat' dir='ltr'>aeiiones</span> <span class='ocrx_word' id='word_1_35' title='bbox 873 479 967 516; x_wconf 83' lang='lat' dir='ltr'>quae</span> <span class='ocrx_word' id='word_1_36' title='bbox 989 476 1149 514; x_wconf 87' lang='lat' dir='ltr'>corpora</span> <span class='ocrx_word' id='word_1_37' title='bbox 1168 476 1211 500; x_wconf 85' lang='lat' dir='ltr'>ex</span> <span class='ocrx_word' id='word_1_38' title='bbox 1234 462 1450 506; x_wconf 81' lang='lat' dir='ltr'>hujusmodi</span> <span class='ocrx_word' id='word_1_39' title='bbox 1470 459 1812 510; x_wconf 83' lang='lat' dir='ltr'>compressionibus</span> <span class='ocrx_word' id='word_1_40' title='bbox 1835 467 1874 502; x_wconf 76' lang='grc' dir='ltr'>δε</span> 
     </span>
     <span class='ocr_line' id='line_1_6' title="bbox 276 516 1875 568; baseline -0.004 -5"><span class='ocrx_word' id='word_1_41' title='bbox 276 528 555 564; x_wconf 81' lang='lat' dir='ltr'>dilatationibus</span> <span class='ocrx_word' id='word_1_42' title='bbox 570 526 732 563; x_wconf 84' lang='lat' dir='ltr'>induunt</span> <span class='ocrx_word' id='word_1_43' title='bbox 747 526 784 561; x_wconf 76' lang='grc' dir='ltr'>ὃ(</span> <span class='ocrx_word' id='word_1_44' title='bbox 802 521 1077 565; x_wconf 85' lang='lat' dir='ltr'>nanciscuntur,</span> <span class='ocrx_word' id='word_1_45' title='bbox 1106 519 1231 556; x_wconf 88' lang='lat' dir='ltr'>obiter</span> <span class='ocrx_word' id='word_1_46' title='bbox 1246 516 1492 554; x_wconf 80' lang='lat' dir='ltr'>subtexemus.</span> <span class='ocrx_word' id='word_1_47' title='bbox 1551 518 1731 565; x_wconf 87' lang='lat' dir='ltr'>Cumque</span> <span class='ocrx_word' id='word_1_48' title='bbox 1753 519 1875 568; x_wconf 84' lang='lat' dir='ltr'>probe</span> 
     </span>
     <span class='ocr_line' id='line_1_7' title="bbox 276 571 1876 630; baseline -0.004 -11"><span class='ocrx_word' id='word_1_49' title='bbox 276 584 492 619; x_wconf 79' lang='lat' dir='ltr'>noverimus</span> <span class='ocrx_word' id='word_1_50' title='bbox 516 593 628 630; x_wconf 83' lang='lat' dir='ltr'>quam</span> <span class='ocrx_word' id='word_1_51' title='bbox 652 576 813 616; x_wconf 85' lang='lat' dir='ltr'>difficilis</span> <span class='ocrx_word' id='word_1_52' title='bbox 837 589 892 615; x_wconf 86' lang='lat' dir='ltr'>res</span> <span class='ocrx_word' id='word_1_53' title='bbox 917 575 970 623; x_wconf 80' lang='lat' dir='ltr'>lit,</span> <span class='ocrx_word' id='word_1_54' title='bbox 998 578 1038 612; x_wconf 88' lang='lat' dir='ltr'>in</span> <span class='ocrx_word' id='word_1_55' title='bbox 1053 574 1233 624; x_wconf 81' lang='lat' dir='ltr'>praesenti</span> <span class='ocrx_word' id='word_1_56' title='bbox 1257 573 1475 609; x_wconf 85' lang='lat' dir='ltr'>animorum</span> <span class='ocrx_word' id='word_1_57' title='bbox 1495 571 1597 619; x_wconf 88' lang='lat' dir='ltr'>statu,</span> <span class='ocrx_word' id='word_1_58' title='bbox 1626 573 1701 618; x_wconf 83' lang='lat' dir='ltr'>jam</span> <span class='ocrx_word' id='word_1_59' title='bbox 1723 573 1770 610; x_wconf 92' lang='lat' dir='ltr'>ab</span> <span class='ocrx_word' id='word_1_60' title='bbox 1792 573 1876 624; x_wconf 87' lang='lat' dir='ltr'>ipso</span> 
     </span>
     <span class='ocr_line' id='line_1_8' title="bbox 273 627 1876 686; baseline -0.004 -13"><span class='ocrx_word' id='word_1_61' title='bbox 273 639 459 686; x_wconf 85' lang='lat' dir='ltr'>principio</span> <span class='ocrx_word' id='word_1_62' title='bbox 475 647 560 673; x_wconf 92' lang='lat' dir='ltr'>cum</span> <span class='ocrx_word' id='word_1_63' title='bbox 575 646 705 672; x_wconf 85' lang='lat' dir='ltr'>natura</span> <span class='ocrx_word' id='word_1_64' title='bbox 722 632 972 678; x_wconf 83' lang='lat' dir='ltr'>consuescere,</span> <span class='ocrx_word' id='word_1_65' title='bbox 1001 629 1278 667; x_wconf 82' lang='lat' dir='ltr'>observationes</span> <span class='ocrx_word' id='word_1_66' title='bbox 1299 627 1437 664; x_wconf 89' lang='lat' dir='ltr'>nostras</span> <span class='ocrx_word' id='word_1_67' title='bbox 1460 627 1505 663; x_wconf 90' lang='lat' dir='ltr'>acl</span> <span class='ocrx_word' id='word_1_68' title='bbox 1528 628 1784 665; x_wconf 86' lang='lat' dir='ltr'>attentionem</span> <span class='ocrx_word' id='word_1_69' title='bbox 1807 629 1876 667; x_wconf 91' lang='lat' dir='ltr'>ho-</span> 
     </span>
     <span class='ocr_line' id='line_1_9' title="bbox 275 682 1878 735; baseline -0.003 -7"><span class='ocrx_word' id='word_1_70' title='bbox 275 694 424 729; x_wconf 87' lang='lat' dir='ltr'>minum</span> <span class='ocrx_word' id='word_1_71' title='bbox 441 691 777 729; x_wconf 84' lang='lat' dir='ltr'>&amp;meditationem</span> <span class='ocrx_word' id='word_1_72' title='bbox 794 687 1024 725; x_wconf 81' lang='lat' dir='ltr'>excitandam</span> <span class='ocrx_word' id='word_1_73' title='bbox 1049 687 1085 722; x_wconf 66' lang='grc' dir='ltr'>ὃς</span> <span class='ocrx_word' id='word_1_74' title='bbox 1107 682 1385 721; x_wconf 67' lang='lat' dir='ltr'>conciliandam</span> <span class='ocrx_word' id='word_1_75' title='bbox 1404 683 1632 727; x_wconf 84' lang='lat' dir='ltr'>abjiciemus.</span> <span class='ocrx_word' id='word_1_76' title='bbox 1689 684 1806 735; x_wconf 69' lang='lat' dir='ltr'>Quod</span> <span class='ocrx_word' id='word_1_77' title='bbox 1828 684 1878 723; x_wconf 78' lang='lat' dir='ltr'>ad.</span> 
     </span>
     <span class='ocr_line' id='line_1_10' title="bbox 276 735 1877 788; baseline -0.003 -6"><span class='ocrx_word' id='word_1_78' title='bbox 276 747 633 783; x_wconf 76' lang='lat' dir='ltr'>demonstrationem</span> <span class='ocrx_word' id='word_1_79' title='bbox 658 756 781 781; x_wconf 85' lang='lat' dir='ltr'>autem</span> <span class='ocrx_word' id='word_1_80' title='bbox 805 744 951 788; x_wconf 80' lang='lat' dir='ltr'>attinet,</span> <span class='ocrx_word' id='word_1_81' title='bbox 982 739 1051 777; x_wconf 76' lang='lat' dir='ltr'>sive</span> <span class='ocrx_word' id='word_1_82' title='bbox 1072 739 1319 776; x_wconf 73' lang='lat' dir='ltr'>reteffionem</span> <span class='ocrx_word' id='word_1_83' title='bbox 1343 735 1529 774; x_wconf 72' lang='lat' dir='ltr'>densitatis</span> <span class='ocrx_word' id='word_1_84' title='bbox 1553 740 1589 774; x_wconf 77' lang='grc' dir='ltr'>ὅ(</span> <span class='ocrx_word' id='word_1_85' title='bbox 1613 738 1773 775; x_wconf 86' lang='lat' dir='ltr'>raritatis</span> <span class='ocrx_word' id='word_1_86' title='bbox 1792 751 1877 777; x_wconf 85' lang='lat' dir='ltr'>cor·</span> 
     </span>
     <span class='ocr_line' id='line_1_11' title="bbox 276 792 1877 849; baseline -0.004 -11"><span class='ocrx_word' id='word_1_87' title='bbox 276 813 424 849; x_wconf 84' lang='lat' dir='ltr'>porum,</span> <span class='ocrx_word' id='word_1_88' title='bbox 455 802 510 839; x_wconf 90' lang='lat' dir='ltr'>nil</span> <span class='ocrx_word' id='word_1_89' title='bbox 531 800 743 837; x_wconf 85' lang='lat' dir='ltr'>dubitamus</span> <span class='ocrx_word' id='word_1_90' title='bbox 766 809 827 835; x_wconf 88' lang='lat' dir='ltr'>aut</span> <span class='ocrx_word' id='word_1_91' title='bbox 855 798 1072 834; x_wconf 56' lang='lat' dir='ltr'>cunebmur</span> <span class='ocrx_word' id='word_1_92' title='bbox 1100 794 1193 842; x_wconf 90' lang='lat' dir='ltr'>quin</span> <span class='ocrx_word' id='word_1_93' title='bbox 1216 792 1342 840; x_wconf 90' lang='lat' dir='ltr'>quoad</span> <span class='ocrx_word' id='word_1_94' title='bbox 1365 804 1526 841; x_wconf 89' lang='lat' dir='ltr'>corpora</span> <span class='ocrx_word' id='word_1_95' title='bbox 1557 792 1666 829; x_wconf 83' lang='lat' dir='ltr'>crassa</span> <span class='ocrx_word' id='word_1_96' title='bbox 1695 795 1732 830; x_wconf 76' lang='grc' dir='ltr'>ὅ(</span> <span class='ocrx_word' id='word_1_97' title='bbox 1754 795 1877 844; x_wconf 86' lang='lat' dir='ltr'>palpa-</span> 
     </span>
     <span class='ocr_line' id='line_1_12' title="bbox 279 848 1878 903; baseline -0.004 -10"><span class='ocrx_word' id='word_1_98' title='bbox 279 858 365 893; x_wconf 82' lang='lat' dir='ltr'>bilia</span> <span class='ocrx_word' id='word_1_99' title='bbox 393 867 519 893; x_wconf 89' lang='lat' dir='ltr'>motus</span> <span class='ocrx_word' id='word_1_100' title='bbox 546 855 732 903; x_wconf 78' lang='lat' dir='ltr'>gravitatis</span> <span class='ocrx_word' id='word_1_101' title='bbox 763 854 889 899; x_wconf 87' lang='lat' dir='ltr'>(quem</span> <span class='ocrx_word' id='word_1_102' title='bbox 918 850 1068 894; x_wconf 84' lang='lat' dir='ltr'>vocant)</span> <span class='ocrx_word' id='word_1_103' title='bbox 1098 849 1190 884; x_wconf 93' lang='lat' dir='ltr'>loco</span> <span class='ocrx_word' id='word_1_104' title='bbox 1224 848 1391 897; x_wconf 87' lang='lat' dir='ltr'>optimae</span> <span class='ocrx_word' id='word_1_105' title='bbox 1421 850 1458 884; x_wconf 74' lang='grc' dir='ltr'>ὅ(</span> <span class='ocrx_word' id='word_1_106' title='bbox 1490 849 1653 884; x_wconf 88' lang='lat' dir='ltr'>maxime</span> <span class='ocrx_word' id='word_1_107' title='bbox 1684 849 1878 898; x_wconf 86' lang='lat' dir='ltr'>expeditae</span> 
     </span>
     <span class='ocr_line' id='line_1_13' title="bbox 277 902 1877 959; baseline -0.008 -10"><span class='ocrx_word' id='word_1_108' title='bbox 277 912 510 959; x_wconf 85' lang='lat' dir='ltr'>probationis</span> <span class='ocrx_word' id='word_1_109' title='bbox 532 910 628 946; x_wconf 87' lang='lat' dir='ltr'>sumi</span> <span class='ocrx_word' id='word_1_110' title='bbox 650 903 786 956; x_wconf 76' lang='lat' dir='ltr'>poflit3</span> <span class='ocrx_word' id='word_1_111' title='bbox 815 918 894 954; x_wconf 91' lang='lat' dir='ltr'>quo</span> <span class='ocrx_word' id='word_1_112' title='bbox 910 906 1019 942; x_wconf 84' lang='lat' dir='ltr'>enim</span> <span class='ocrx_word' id='word_1_113' title='bbox 1041 914 1177 952; x_wconf 88' lang='lat' dir='ltr'>corpus</span> <span class='ocrx_word' id='word_1_114' title='bbox 1194 902 1423 951; x_wconf 74' lang='lat' dir='ltr'>compaffius</span> <span class='ocrx_word' id='word_1_115' title='bbox 1443 913 1491 938; x_wconf 93' lang='lat' dir='ltr'>eo</span> <span class='ocrx_word' id='word_1_116' title='bbox 1513 904 1672 951; x_wconf 81' lang='lat' dir='ltr'>gravius.</span> <span class='ocrx_word' id='word_1_117' title='bbox 1728 905 1877 943; x_wconf 77' lang='lat' dir='ltr'>Verum</span> 
     </span>
     <span class='ocr_line' id='line_1_14' title="bbox 274 957 1878 1014; baseline -0.002 -12"><span class='ocrx_word' id='word_1_118' title='bbox 274 966 466 1014; x_wconf 85' lang='lat' dir='ltr'>postquam</span> <span class='ocrx_word' id='word_1_119' title='bbox 481 964 524 1000; x_wconf 85' lang='lat' dir='ltr'>ad</span> <span class='ocrx_word' id='word_1_120' title='bbox 539 964 696 1012; x_wconf 81' lang='lat' dir='ltr'>gradum</span> <span class='ocrx_word' id='word_1_121' title='bbox 716 963 776 998; x_wconf 77' lang='lat' dir='ltr'>aer</span> <span class='ocrx_word' id='word_1_122' title='bbox 791 972 925 997; x_wconf 86' lang='lat' dir='ltr'>eorum</span> <span class='ocrx_word' id='word_1_123' title='bbox 943 962 981 997; x_wconf 74' lang='grc' dir='ltr'>ὅ(</span> <span class='ocrx_word' id='word_1_124' title='bbox 1009 958 1256 1007; x_wconf 82' lang='lat' dir='ltr'>spiritualium</span> <span class='ocrx_word' id='word_1_125' title='bbox 1282 966 1440 995; x_wconf 89' lang='lat' dir='ltr'>ventum</span> <span class='ocrx_word' id='word_1_126' title='bbox 1462 957 1523 1004; x_wconf 85' lang='lat' dir='ltr'>est,</span> <span class='ocrx_word' id='word_1_127' title='bbox 1551 967 1636 995; x_wconf 88' lang='lat' dir='ltr'>tum</span> <span class='ocrx_word' id='word_1_128' title='bbox 1660 958 1834 1007; x_wconf 68' lang='lat' dir='ltr'>profesto</span> <span class='ocrx_word' id='word_1_129' title='bbox 1855 972 1878 998; x_wconf 87' lang='lat' dir='ltr'>a</span> 
     </span>
     <span class='ocr_line' id='line_1_15' title="bbox 274 1012 1878 1064; baseline -0.002 -8"><span class='ocrx_word' id='word_1_130' title='bbox 274 1021 439 1057; x_wconf 81' lang='lat' dir='ltr'>lancibus</span> <span class='ocrx_word' id='word_1_131' title='bbox 466 1018 710 1063; x_wconf 86' lang='lat' dir='ltr'>destituimur,</span> <span class='ocrx_word' id='word_1_132' title='bbox 738 1026 848 1064; x_wconf 86' lang='lat' dir='ltr'>atque</span> <span class='ocrx_word' id='word_1_133' title='bbox 871 1016 941 1052; x_wconf 83' lang='lat' dir='ltr'>alia</span> <span class='ocrx_word' id='word_1_134' title='bbox 968 1014 1081 1050; x_wconf 90' lang='lat' dir='ltr'>nobis</span> <span class='ocrx_word' id='word_1_135' title='bbox 1110 1012 1286 1049; x_wconf 85' lang='lat' dir='ltr'>industria</span> <span class='ocrx_word' id='word_1_136' title='bbox 1309 1023 1402 1061; x_wconf 89' lang='lat' dir='ltr'>opus</span> <span class='ocrx_word' id='word_1_137' title='bbox 1425 1013 1508 1049; x_wconf 86' lang='lat' dir='ltr'>erit.</span> <span class='ocrx_word' id='word_1_138' title='bbox 1563 1013 1790 1063; x_wconf 88' lang='lat' dir='ltr'>Incipiemus</span> <span class='ocrx_word' id='word_1_139' title='bbox 1814 1026 1878 1053; x_wconf 87' lang='lat' dir='ltr'>au-</span> 
     </span>
     <span class='ocr_line' id='line_1_16' title="bbox 275 1067 1878 1121; baseline -0.002 -10"><span class='ocrx_word' id='word_1_140' title='bbox 275 1086 355 1111; x_wconf 87' lang='lat' dir='ltr'>tem</span> <span class='ocrx_word' id='word_1_141' title='bbox 379 1075 425 1111; x_wconf 87' lang='lat' dir='ltr'>ab</span> <span class='ocrx_word' id='word_1_142' title='bbox 448 1085 552 1119; x_wconf 87' lang='lat' dir='ltr'>auro,</span> <span class='ocrx_word' id='word_1_143' title='bbox 589 1072 692 1121; x_wconf 86' lang='lat' dir='ltr'>quod</span> <span class='ocrx_word' id='word_1_144' title='bbox 716 1072 905 1117; x_wconf 86' lang='lat' dir='ltr'>omnium,</span> <span class='ocrx_word' id='word_1_145' title='bbox 940 1081 1034 1117; x_wconf 88' lang='lat' dir='ltr'>quae</span> <span class='ocrx_word' id='word_1_146' title='bbox 1060 1068 1240 1105; x_wconf 90' lang='lat' dir='ltr'>habemus</span> <span class='ocrx_word' id='word_1_147' title='bbox 1272 1067 1409 1115; x_wconf 90' lang='lat' dir='ltr'>(neque</span> <span class='ocrx_word' id='word_1_148' title='bbox 1437 1068 1541 1104; x_wconf 91' lang='lat' dir='ltr'>enim</span> <span class='ocrx_word' id='word_1_149' title='bbox 1572 1077 1651 1104; x_wconf 87' lang='lat' dir='ltr'>tam</span> <span class='ocrx_word' id='word_1_150' title='bbox 1679 1069 1805 1107; x_wconf 87' lang='lat' dir='ltr'>adulta</span> <span class='ocrx_word' id='word_1_151' title='bbox 1827 1070 1878 1108; x_wconf 85' lang='lat' dir='ltr'>est</span> 
     </span>
     <span class='ocr_line' id='line_1_17' title="bbox 274 1119 1879 1179; baseline -0.002 -13"><span class='ocrx_word' id='word_1_152' title='bbox 274 1129 520 1179; x_wconf 82' lang='lat' dir='ltr'>philosophia,</span> <span class='ocrx_word' id='word_1_153' title='bbox 558 1137 598 1164; x_wconf 89' lang='lat' dir='ltr'>ut</span> <span class='ocrx_word' id='word_1_154' title='bbox 625 1127 670 1163; x_wconf 89' lang='lat' dir='ltr'>de</span> <span class='ocrx_word' id='word_1_155' title='bbox 692 1125 890 1163; x_wconf 84' lang='lat' dir='ltr'>visceribus</span> <span class='ocrx_word' id='word_1_156' title='bbox 914 1134 1033 1162; x_wconf 87' lang='lat' dir='ltr'>terrae</span> <span class='ocrx_word' id='word_1_157' title='bbox 1055 1122 1209 1160; x_wconf 87' lang='lat' dir='ltr'>statuere</span> <span class='ocrx_word' id='word_1_158' title='bbox 1232 1122 1447 1171; x_wconf 87' lang='lat' dir='ltr'>debeamus)</span> <span class='ocrx_word' id='word_1_159' title='bbox 1471 1119 1731 1172; x_wconf 83' lang='lat' dir='ltr'>graviflimum</span> <span class='ocrx_word' id='word_1_160' title='bbox 1753 1125 1804 1162; x_wconf 93' lang='lat' dir='ltr'>est</span> <span class='ocrx_word' id='word_1_161' title='bbox 1825 1134 1879 1162; x_wconf 91' lang='lat' dir='ltr'>at-</span> 
     </span>
     <span class='ocr_line' id='line_1_18' title="bbox 275 1178 1879 1233; baseline -0.004 -12"><span class='ocrx_word' id='word_1_162' title='bbox 275 1197 348 1232; x_wconf 90' lang='lat' dir='ltr'>que</span> <span class='ocrx_word' id='word_1_163' title='bbox 363 1185 568 1233; x_wconf 87' lang='lat' dir='ltr'>plurimum</span> <span class='ocrx_word' id='word_1_164' title='bbox 583 1182 758 1218; x_wconf 87' lang='lat' dir='ltr'>materiae</span> <span class='ocrx_word' id='word_1_165' title='bbox 775 1182 941 1217; x_wconf 87' lang='lat' dir='ltr'>minimo</span> <span class='ocrx_word' id='word_1_166' title='bbox 963 1179 1082 1229; x_wconf 90' lang='lat' dir='ltr'>spatio</span> <span class='ocrx_word' id='word_1_167' title='bbox 1097 1178 1360 1228; x_wconf 74' lang='lat' dir='ltr'>compleffltur</span> <span class='ocrx_word' id='word_1_168' title='bbox 1380 1191 1390 1218; x_wconf 70' lang='grc' dir='ltr'>ς</span> <span class='ocrx_word' id='word_1_169' title='bbox 1419 1188 1531 1228; x_wconf 90' lang='lat' dir='ltr'>atque</span> <span class='ocrx_word' id='word_1_170' title='bbox 1552 1178 1598 1215; x_wconf 90' lang='lat' dir='ltr'>ad</span> <span class='ocrx_word' id='word_1_171' title='bbox 1612 1178 1722 1225; x_wconf 83' lang='lat' dir='ltr'>hujus</span> <span class='ocrx_word' id='word_1_172' title='bbox 1741 1191 1879 1230; x_wconf 90' lang='lat' dir='ltr'>eorpo-</span> 
     </span>
     <span class='ocr_line' id='line_1_19' title="bbox 275 1233 1879 1288; baseline -0.002 -12"><span class='ocrx_word' id='word_1_173' title='bbox 275 1241 325 1276; x_wconf 84' lang='lat' dir='ltr'>ris</span> <span class='ocrx_word' id='word_1_174' title='bbox 345 1239 534 1288; x_wconf 87' lang='lat' dir='ltr'>sphaeram</span> <span class='ocrx_word' id='word_1_175' title='bbox 557 1238 790 1285; x_wconf 89' lang='lat' dir='ltr'>reliquorum</span> <span class='ocrx_word' id='word_1_176' title='bbox 815 1237 980 1273; x_wconf 88' lang='lat' dir='ltr'>rationes</span> <span class='ocrx_word' id='word_1_177' title='bbox 1003 1234 1293 1284; x_wconf 89' lang='lat' dir='ltr'>applicabimus;</span> <span class='ocrx_word' id='word_1_178' title='bbox 1323 1233 1417 1269; x_wconf 93' lang='lat' dir='ltr'>illud</span> <span class='ocrx_word' id='word_1_179' title='bbox 1440 1243 1655 1280; x_wconf 89' lang='lat' dir='ltr'>monentes,</span> <span class='ocrx_word' id='word_1_180' title='bbox 1684 1234 1879 1273; x_wconf 85' lang='lat' dir='ltr'>historiam</span> 
     </span>
     <span class='ocr_line' id='line_1_20' title="bbox 276 1286 1880 1343; baseline -0.002 -12"><span class='ocrx_word' id='word_1_181' title='bbox 276 1295 488 1343; x_wconf 90' lang='lat' dir='ltr'>ponderum</span> <span class='ocrx_word' id='word_1_182' title='bbox 512 1293 572 1330; x_wconf 89' lang='lat' dir='ltr'>hic</span> <span class='ocrx_word' id='word_1_183' title='bbox 596 1304 667 1328; x_wconf 87' lang='lat' dir='ltr'>nos</span> <span class='ocrx_word' id='word_1_184' title='bbox 690 1292 850 1328; x_wconf 85' lang='lat' dir='ltr'>minime</span> <span class='ocrx_word' id='word_1_185' title='bbox 872 1291 1038 1336; x_wconf 53' lang='lat' dir='ltr'>trastarq</span> <span class='ocrx_word' id='word_1_186' title='bbox 1073 1286 1141 1325; x_wconf 87' lang='lat' dir='ltr'>nifi</span> <span class='ocrx_word' id='word_1_187' title='bbox 1163 1298 1346 1337; x_wconf 88' lang='lat' dir='ltr'>quatenus</span> <span class='ocrx_word' id='word_1_188' title='bbox 1368 1288 1414 1325; x_wconf 86' lang='lat' dir='ltr'>ad</span> <span class='ocrx_word' id='word_1_189' title='bbox 1438 1300 1645 1338; x_wconf 86' lang='lat' dir='ltr'>corporum</span> <span class='ocrx_word' id='word_1_190' title='bbox 1669 1289 1784 1339; x_wconf 90' lang='lat' dir='ltr'>spatia</span> <span class='ocrx_word' id='word_1_191' title='bbox 1806 1289 1880 1330; x_wconf 83' lang='lat' dir='ltr'>five</span> 
     </span>
     <span class='ocr_line' id='line_1_21' title="bbox 277 1344 1879 1395; baseline -0.002 -9"><span class='ocrx_word' id='word_1_192' title='bbox 277 1349 444 1386; x_wconf 83' lang='lat' dir='ltr'>dimensa</span> <span class='ocrx_word' id='word_1_193' title='bbox 466 1346 751 1385; x_wconf 86' lang='lat' dir='ltr'>demonstranda</span> <span class='ocrx_word' id='word_1_194' title='bbox 768 1347 892 1383; x_wconf 90' lang='lat' dir='ltr'>lucem</span> <span class='ocrx_word' id='word_1_195' title='bbox 920 1346 1102 1395; x_wconf 84' lang='lat' dir='ltr'>praebeat.</span> <span class='ocrx_word' id='word_1_196' title='bbox 1161 1344 1266 1380; x_wconf 88' lang='lat' dir='ltr'>Cum</span> <span class='ocrx_word' id='word_1_197' title='bbox 1288 1355 1380 1381; x_wconf 89' lang='lat' dir='ltr'>vero</span> <span class='ocrx_word' id='word_1_198' title='bbox 1402 1355 1483 1380; x_wconf 92' lang='lat' dir='ltr'>non</span> <span class='ocrx_word' id='word_1_199' title='bbox 1507 1345 1696 1390; x_wconf 83' lang='lat' dir='ltr'>conjicere</span> <span class='ocrx_word' id='word_1_200' title='bbox 1718 1348 1756 1383; x_wconf 76' lang='grc' dir='ltr'>ὅ(</span> <span class='ocrx_word' id='word_1_201' title='bbox 1780 1347 1879 1384; x_wconf 77' lang='lat' dir='ltr'>ario-</span> 
     </span>
     <span class='ocr_line' id='line_1_22' title="bbox 278 1395 1879 1450; baseline 0.001 -11"><span class='ocrx_word' id='word_1_202' title='bbox 278 1405 358 1449; x_wconf 89' lang='lat' dir='ltr'>lari,</span> <span class='ocrx_word' id='word_1_203' title='bbox 387 1404 447 1441; x_wconf 89' lang='lat' dir='ltr'>sed</span> <span class='ocrx_word' id='word_1_204' title='bbox 477 1403 646 1440; x_wconf 86' lang='lat' dir='ltr'>invenire</span> <span class='ocrx_word' id='word_1_205' title='bbox 676 1403 711 1438; x_wconf 65' lang='lat' dir='ltr'>&amp;c</span> <span class='ocrx_word' id='word_1_206' title='bbox 740 1402 830 1438; x_wconf 90' lang='lat' dir='ltr'>scire</span> <span class='ocrx_word' id='word_1_207' title='bbox 859 1401 970 1438; x_wconf 91' lang='lat' dir='ltr'>nobis</span> <span class='ocrx_word' id='word_1_208' title='bbox 998 1396 1230 1450; x_wconf 81' lang='lat' dir='ltr'>propositum</span> <span class='ocrx_word' id='word_1_209' title='bbox 1253 1395 1308 1445; x_wconf 82' lang='lat' dir='ltr'>sit,</span> <span class='ocrx_word' id='word_1_210' title='bbox 1337 1398 1412 1435; x_wconf 91' lang='lat' dir='ltr'>hoc</span> <span class='ocrx_word' id='word_1_211' title='bbox 1435 1408 1561 1437; x_wconf 84' lang='lat' dir='ltr'>autem</span> <span class='ocrx_word' id='word_1_212' title='bbox 1582 1401 1623 1436; x_wconf 89' lang='lat' dir='ltr'>in</span> <span class='ocrx_word' id='word_1_213' title='bbox 1644 1402 1816 1438; x_wconf 85' lang='lat' dir='ltr'>examine</span> <span class='ocrx_word' id='word_1_214' title='bbox 1838 1404 1879 1440; x_wconf 83' lang='lat'>&amp;</span> 
     </span>
     <span class='ocr_line' id='line_1_23' title="bbox 275 1452 1880 1508; baseline -0.001 -13"><span class='ocrx_word' id='word_1_215' title='bbox 275 1460 499 1508; x_wconf 87' lang='lat' dir='ltr'>probatione</span> <span class='ocrx_word' id='word_1_216' title='bbox 522 1458 866 1507; x_wconf 79' lang='lat' dir='ltr'>experimentorum</span> <span class='ocrx_word' id='word_1_217' title='bbox 887 1457 1102 1506; x_wconf 87' lang='lat' dir='ltr'>primorum</span> <span class='ocrx_word' id='word_1_218' title='bbox 1127 1465 1357 1503; x_wconf 78' lang='lat' dir='ltr'>magnopere</span> <span class='ocrx_word' id='word_1_219' title='bbox 1379 1452 1541 1503; x_wconf 79' lang='lat' dir='ltr'>politum</span> <span class='ocrx_word' id='word_1_220' title='bbox 1565 1455 1636 1492; x_wconf 84' lang='lat' dir='ltr'>effe</span> <span class='ocrx_word' id='word_1_221' title='bbox 1656 1455 1880 1505; x_wconf 86' lang='lat' dir='ltr'>judicemus,</span> 
     </span>
     <span class='ocr_line' id='line_1_24' title="bbox 275 1509 1879 1562; baseline 0.001 -13"><span class='ocrx_word' id='word_1_222' title='bbox 275 1513 422 1562; x_wconf 79' lang='lat' dir='ltr'>proi-siis</span> <span class='ocrx_word' id='word_1_223' title='bbox 438 1514 668 1550; x_wconf 84' lang='lat' dir='ltr'>decrevimus</span> <span class='ocrx_word' id='word_1_224' title='bbox 683 1514 722 1548; x_wconf 88' lang='lat' dir='ltr'>in</span> <span class='ocrx_word' id='word_1_225' title='bbox 739 1513 846 1548; x_wconf 88' lang='lat' dir='ltr'>omni</span> <span class='ocrx_word' id='word_1_226' title='bbox 863 1513 1122 1561; x_wconf 87' lang='lat' dir='ltr'>experimento</span> <span class='ocrx_word' id='word_1_227' title='bbox 1136 1509 1331 1546; x_wconf 88' lang='lat' dir='ltr'>subtiliore</span> <span class='ocrx_word' id='word_1_228' title='bbox 1346 1519 1498 1547; x_wconf 91' lang='lat' dir='ltr'>motum</span> <span class='ocrx_word' id='word_1_229' title='bbox 1508 1511 1768 1560; x_wconf 85' lang='lat' dir='ltr'>experimenti,</span> <span class='ocrx_word' id='word_1_230' title='bbox 1797 1523 1879 1561; x_wconf 90' lang='lat' dir='ltr'>quo</span> 
     </span>
     <span class='ocr_line' id='line_1_25' title="bbox 274 1563 1880 1617; baseline -0.001 -12"><span class='ocrx_word' id='word_1_231' title='bbox 274 1568 341 1605; x_wconf 87' lang='lat' dir='ltr'>usu</span> <span class='ocrx_word' id='word_1_232' title='bbox 366 1568 500 1615; x_wconf 89' lang='lat' dir='ltr'>sumus,</span> <span class='ocrx_word' id='word_1_233' title='bbox 530 1578 654 1616; x_wconf 85' lang='lat' dir='ltr'>aperte</span> <span class='ocrx_word' id='word_1_234' title='bbox 676 1567 916 1615; x_wconf 75' lang='lat' dir='ltr'>subjungere3</span> <span class='ocrx_word' id='word_1_235' title='bbox 946 1576 987 1603; x_wconf 90' lang='lat' dir='ltr'>ut</span> <span class='ocrx_word' id='word_1_236' title='bbox 1009 1565 1204 1616; x_wconf 87' lang='lat' dir='ltr'>postquam</span> <span class='ocrx_word' id='word_1_237' title='bbox 1223 1564 1447 1614; x_wconf 68' lang='lat' dir='ltr'>patefastum</span> <span class='ocrx_word' id='word_1_238' title='bbox 1469 1563 1511 1603; x_wconf 81' lang='lat' dir='ltr'>sit</span> <span class='ocrx_word' id='word_1_239' title='bbox 1534 1566 1736 1615; x_wconf 91' lang='lat' dir='ltr'>quomodo</span> <span class='ocrx_word' id='word_1_240' title='bbox 1758 1564 1880 1617; x_wconf 85' lang='lat' dir='ltr'>fingu-</span> 
     </span>
     <span class='ocr_line' id='line_1_26' title="bbox 273 1620 1879 1669; baseline 0.001 -10"><span class='ocrx_word' id='word_1_241' title='bbox 273 1624 308 1659; x_wconf 86' lang='lat' dir='ltr'>la</span> <span class='ocrx_word' id='word_1_242' title='bbox 339 1624 448 1659; x_wconf 89' lang='lat' dir='ltr'>nobis</span> <span class='ocrx_word' id='word_1_243' title='bbox 482 1622 729 1668; x_wconf 90' lang='lat' dir='ltr'>constiterint,</span> <span class='ocrx_word' id='word_1_244' title='bbox 766 1622 915 1658; x_wconf 88' lang='lat' dir='ltr'>videant</span> <span class='ocrx_word' id='word_1_245' title='bbox 949 1621 1124 1658; x_wconf 85' lang='lat' dir='ltr'>homines</span> <span class='ocrx_word' id='word_1_246' title='bbox 1157 1623 1193 1658; x_wconf 64' lang='grc' dir='ltr'>ὃς</span> <span class='ocrx_word' id='word_1_247' title='bbox 1231 1629 1414 1668; x_wconf 88' lang='lat' dir='ltr'>quatenus</span> <span class='ocrx_word' id='word_1_248' title='bbox 1440 1620 1557 1658; x_wconf 89' lang='lat' dir='ltr'>fidem</span> <span class='ocrx_word' id='word_1_249' title='bbox 1589 1621 1802 1669; x_wconf 86' lang='lat' dir='ltr'>adhibeant,</span> <span class='ocrx_word' id='word_1_250' title='bbox 1839 1625 1879 1661; x_wconf 85' lang='lat'>&amp;</span> 
     </span>
     <span class='ocr_line' id='line_1_27' title="bbox 273 1675 1880 1727; baseline 0.001 -14"><span class='ocrx_word' id='word_1_251' title='bbox 273 1678 363 1724; x_wconf 88' lang='lat' dir='ltr'>quid</span> <span class='ocrx_word' id='word_1_252' title='bbox 387 1679 540 1714; x_wconf 88' lang='lat' dir='ltr'>ulterius</span> <span class='ocrx_word' id='word_1_253' title='bbox 567 1676 782 1713; x_wconf 88' lang='lat' dir='ltr'>faciendum</span> <span class='ocrx_word' id='word_1_254' title='bbox 803 1675 857 1722; x_wconf 84' lang='lat' dir='ltr'>fit,</span> <span class='ocrx_word' id='word_1_255' title='bbox 886 1675 956 1714; x_wconf 84' lang='lat' dir='ltr'>five</span> <span class='ocrx_word' id='word_1_256' title='bbox 981 1676 1026 1713; x_wconf 90' lang='lat' dir='ltr'>ad</span> <span class='ocrx_word' id='word_1_257' title='bbox 1049 1687 1193 1713; x_wconf 87' lang='lat' dir='ltr'>errores</span> <span class='ocrx_word' id='word_1_258' title='bbox 1207 1675 1465 1724; x_wconf 81' lang='lat' dir='ltr'>corrigendos,</span> <span class='ocrx_word' id='word_1_259' title='bbox 1493 1678 1559 1725; x_wconf 90' lang='lat' dir='ltr'>qui</span> <span class='ocrx_word' id='word_1_260' title='bbox 1580 1676 1778 1714; x_wconf 85' lang='lat' dir='ltr'>adhaerere</span> <span class='ocrx_word' id='word_1_261' title='bbox 1795 1676 1880 1727; x_wconf 74' lang='lat' dir='ltr'>poss</span> 
     </span>
     <span class='ocr_line' id='line_1_28' title="bbox 273 1729 1880 1782; baseline 0.002 -15"><span class='ocrx_word' id='word_1_262' title='bbox 273 1730 355 1777; x_wconf 64' lang='lat' dir='ltr'>sint,</span> <span class='ocrx_word' id='word_1_263' title='bbox 384 1729 454 1769; x_wconf 75' lang='lat' dir='ltr'>five</span> <span class='ocrx_word' id='word_1_264' title='bbox 477 1732 521 1768; x_wconf 90' lang='lat' dir='ltr'>ad</span> <span class='ocrx_word' id='word_1_265' title='bbox 546 1731 754 1768; x_wconf 84' lang='lat' dir='ltr'>excitandas</span> <span class='ocrx_word' id='word_1_266' title='bbox 774 1741 884 1780; x_wconf 89' lang='lat' dir='ltr'>atque</span> <span class='ocrx_word' id='word_1_267' title='bbox 907 1731 1158 1780; x_wconf 83' lang='lat' dir='ltr'>adoperandas</span> <span class='ocrx_word' id='word_1_268' title='bbox 1181 1730 1424 1780; x_wconf 89' lang='lat' dir='ltr'>probationes</span> <span class='ocrx_word' id='word_1_269' title='bbox 1447 1734 1566 1781; x_wconf 80' lang='lat' dir='ltr'>magis</span> <span class='ocrx_word' id='word_1_270' title='bbox 1584 1731 1673 1769; x_wconf 88' lang='lat' dir='ltr'>fidas</span> <span class='ocrx_word' id='word_1_271' title='bbox 1693 1734 1731 1769; x_wconf 91' lang='lat'>&amp;</span> <span class='ocrx_word' id='word_1_272' title='bbox 1753 1734 1880 1782; x_wconf 87' lang='lat' dir='ltr'>exqui-</span> 
     </span>
     <span class='ocr_line' id='line_1_29' title="bbox 273 1784 1879 1838; baseline 0.002 -17"><span class='ocrx_word' id='word_1_273' title='bbox 273 1785 363 1822; x_wconf 61' lang='lat' dir='ltr'>sitas.</span> <span class='ocrx_word' id='word_1_274' title='bbox 420 1788 524 1838; x_wconf 70' lang='lat' dir='ltr'>Quin</span> <span class='ocrx_word' id='word_1_275' title='bbox 548 1788 584 1822; x_wconf 70' lang='grc' dir='ltr'>ὅ(</span> <span class='ocrx_word' id='word_1_276' title='bbox 614 1784 677 1835; x_wconf 85' lang='lat' dir='ltr'>ipsi</span> <span class='ocrx_word' id='word_1_277' title='bbox 705 1786 751 1823; x_wconf 85' lang='lat' dir='ltr'>de</span> <span class='ocrx_word' id='word_1_278' title='bbox 780 1788 835 1833; x_wconf 86' lang='lat' dir='ltr'>iis,</span> <span class='ocrx_word' id='word_1_279' title='bbox 865 1799 958 1834; x_wconf 87' lang='lat' dir='ltr'>quae</span> <span class='ocrx_word' id='word_1_280' title='bbox 982 1787 1092 1823; x_wconf 90' lang='lat' dir='ltr'>nobis</span> <span class='ocrx_word' id='word_1_281' title='bbox 1115 1787 1241 1823; x_wconf 88' lang='lat' dir='ltr'>minus</span> <span class='ocrx_word' id='word_1_282' title='bbox 1264 1787 1454 1835; x_wconf 87' lang='lat' dir='ltr'>explorata</span> <span class='ocrx_word' id='word_1_283' title='bbox 1479 1797 1592 1837; x_wconf 87' lang='lat' dir='ltr'>atque</span> <span class='ocrx_word' id='word_1_284' title='bbox 1615 1789 1735 1825; x_wconf 85' lang='lat' dir='ltr'>errori</span> <span class='ocrx_word' id='word_1_285' title='bbox 1757 1790 1879 1838; x_wconf 84' lang='lat' dir='ltr'>magis</span> 
     </span>
     <span class='ocr_line' id='line_1_30' title="bbox 275 1839 1880 1889; baseline 0.003 -13"><span class='ocrx_word' id='word_1_286' title='bbox 275 1839 444 1889; x_wconf 72' lang='lat' dir='ltr'>exposita,</span> <span class='ocrx_word' id='word_1_287' title='bbox 481 1844 517 1878; x_wconf 72' lang='grc' dir='ltr'>ὅ(</span> <span class='ocrx_word' id='word_1_288' title='bbox 541 1839 639 1888; x_wconf 75' lang='lat' dir='ltr'>quast</span> <span class='ocrx_word' id='word_1_289' title='bbox 660 1841 822 1878; x_wconf 82' lang='lat' dir='ltr'>finitima</span> <span class='ocrx_word' id='word_1_290' title='bbox 841 1842 1080 1886; x_wconf 80' lang='lat' dir='ltr'>videbuntur,</span> <span class='ocrx_word' id='word_1_291' title='bbox 1116 1840 1246 1878; x_wconf 89' lang='lat' dir='ltr'>sedulo</span> <span class='ocrx_word' id='word_1_292' title='bbox 1270 1843 1307 1878; x_wconf 72' lang='grc' dir='ltr'>ὃ(</span> <span class='ocrx_word' id='word_1_293' title='bbox 1329 1839 1468 1879; x_wconf 82' lang='lat' dir='ltr'>sincere</span> <span class='ocrx_word' id='word_1_294' title='bbox 1493 1843 1749 1880; x_wconf 88' lang='lat' dir='ltr'>monebimus.</span> <span class='ocrx_word' id='word_1_295' title='bbox 1805 1845 1880 1881; x_wconf 90' lang='lat' dir='ltr'>Po-</span> 
     </span>
     <span class='ocr_line' id='line_1_31' title="bbox 273 1895 1879 1944; baseline 0.004 -14"><span class='ocrx_word' id='word_1_296' title='bbox 273 1896 409 1932; x_wconf 82' lang='lat' dir='ltr'>stremo</span> <span class='ocrx_word' id='word_1_297' title='bbox 425 1895 701 1932; x_wconf 70' lang='lat' dir='ltr'>observationes</span> <span class='ocrx_word' id='word_1_298' title='bbox 725 1896 863 1932; x_wconf 78' lang='lat' dir='ltr'>nostras</span> <span class='ocrx_word' id='word_1_299' title='bbox 885 1898 939 1943; x_wconf 88' lang='lat' dir='ltr'>(ut</span> <span class='ocrx_word' id='word_1_300' title='bbox 962 1897 1083 1933; x_wconf 91' lang='lat' dir='ltr'>modo</span> <span class='ocrx_word' id='word_1_301' title='bbox 1106 1897 1280 1943; x_wconf 85' lang='lat' dir='ltr'>diximus)</span> <span class='ocrx_word' id='word_1_302' title='bbox 1305 1897 1533 1944; x_wconf 84' lang='lat' dir='ltr'>adjiciemus,</span> <span class='ocrx_word' id='word_1_303' title='bbox 1563 1907 1605 1934; x_wconf 92' lang='lat' dir='ltr'>ut</span> <span class='ocrx_word' id='word_1_304' title='bbox 1632 1899 1721 1935; x_wconf 87' lang='lat' dir='ltr'>licet</span> <span class='ocrx_word' id='word_1_305' title='bbox 1745 1900 1879 1937; x_wconf 85' lang='lat' dir='ltr'>omnia</span> 
     </span>
     <span class='ocr_line' id='line_1_32' title="bbox 272 1950 1879 2001; baseline 0.004 -16"><span class='ocrx_word' id='word_1_306' title='bbox 272 1960 416 1998; x_wconf 71' lang='lat' dir='ltr'>integra</span> <span class='ocrx_word' id='word_1_307' title='bbox 433 1950 687 1999; x_wconf 84' lang='lat' dir='ltr'>philosophiae</span> <span class='ocrx_word' id='word_1_308' title='bbox 703 1950 899 1997; x_wconf 81' lang='lat' dir='ltr'>servemus,</span> <span class='ocrx_word' id='word_1_309' title='bbox 927 1962 1054 1988; x_wconf 89' lang='lat' dir='ltr'>tamen</span> <span class='ocrx_word' id='word_1_310' title='bbox 1070 1950 1205 1988; x_wconf 85' lang='lat' dir='ltr'>faciem</span> <span class='ocrx_word' id='word_1_311' title='bbox 1226 1950 1342 2001; x_wconf 87' lang='lat' dir='ltr'>ipsam</span> <span class='ocrx_word' id='word_1_312' title='bbox 1358 1952 1540 1990; x_wconf 85' lang='lat' dir='ltr'>Historiae</span> <span class='ocrx_word' id='word_1_313' title='bbox 1563 1954 1741 1991; x_wconf 88' lang='lat' dir='ltr'>naturalis</span> <span class='ocrx_word' id='word_1_314' title='bbox 1760 1955 1879 1992; x_wconf 89' lang='lat' dir='ltr'>etiam</span> 
     </span>
     <span class='ocr_line' id='line_1_33' title="bbox 274 2003 1878 2058; baseline 0.004 -18"><span class='ocrx_word' id='word_1_315' title='bbox 274 2006 312 2039; x_wconf 87' lang='lat' dir='ltr'>in</span> <span class='ocrx_word' id='word_1_316' title='bbox 329 2003 479 2042; x_wconf 69' lang='lat' dir='ltr'>transitu</span> <span class='ocrx_word' id='word_1_317' title='bbox 494 2005 614 2042; x_wconf 70' lang='lat' dir='ltr'>versus</span> <span class='ocrx_word' id='word_1_318' title='bbox 638 2006 914 2055; x_wconf 87' lang='lat' dir='ltr'>philosophiam</span> <span class='ocrx_word' id='word_1_319' title='bbox 933 2007 1184 2044; x_wconf 87' lang='lat' dir='ltr'>obvertamus.</span> <span class='ocrx_word' id='word_1_320' title='bbox 1241 2006 1373 2055; x_wconf 88' lang='lat' dir='ltr'>Atque</span> <span class='ocrx_word' id='word_1_321' title='bbox 1392 2019 1509 2057; x_wconf 90' lang='lat' dir='ltr'>porro</span> <span class='ocrx_word' id='word_1_322' title='bbox 1532 2009 1626 2046; x_wconf 92' lang='lat' dir='ltr'>illud</span> <span class='ocrx_word' id='word_1_323' title='bbox 1650 2008 1878 2058; x_wconf 84' lang='lat' dir='ltr'>curabimus,</span> 
     </span>
     <span class='ocr_line' id='line_1_34' title="bbox 274 2058 1877 2113; baseline 0.004 -18"><span class='ocrx_word' id='word_1_324' title='bbox 274 2068 313 2095; x_wconf 88' lang='lat' dir='ltr'>ut</span> <span class='ocrx_word' id='word_1_325' title='bbox 343 2072 585 2108; x_wconf 85' lang='lat' dir='ltr'>quaecunque</span> <span class='ocrx_word' id='word_1_326' title='bbox 613 2073 655 2097; x_wconf 84' lang='lat' dir='ltr'>ca</span> <span class='ocrx_word' id='word_1_327' title='bbox 684 2059 765 2107; x_wconf 76' lang='lat' dir='ltr'>sint,</span> <span class='ocrx_word' id='word_1_328' title='bbox 803 2058 873 2098; x_wconf 80' lang='lat' dir='ltr'>five</span> <span class='ocrx_word' id='word_1_329' title='bbox 902 2063 1155 2112; x_wconf 86' lang='lat' dir='ltr'>experimenta</span> <span class='ocrx_word' id='word_1_330' title='bbox 1177 2059 1249 2099; x_wconf 83' lang='lat' dir='ltr'>five</span> <span class='ocrx_word' id='word_1_331' title='bbox 1278 2061 1571 2110; x_wconf 87' lang='lat' dir='ltr'>observationes,</span> <span class='ocrx_word' id='word_1_332' title='bbox 1608 2076 1703 2112; x_wconf 86' lang='lat' dir='ltr'>quae</span> <span class='ocrx_word' id='word_1_333' title='bbox 1729 2074 1877 2113; x_wconf 77' lang='lat' dir='ltr'>praetet-</span> 
     </span>
     <span class='ocr_line' id='line_1_35' title="bbox 272 2114 1875 2171; baseline 0.007 -23"><span class='ocrx_word' id='word_1_334' title='bbox 272 2114 426 2162; x_wconf 59' lang='lat' dir='ltr'>i‘copum</span> <span class='ocrx_word' id='word_1_335' title='bbox 450 2114 699 2162; x_wconf 75' lang='lat' dir='ltr'>inquisitionis</span> <span class='ocrx_word' id='word_1_336' title='bbox 715 2126 918 2153; x_wconf 89' lang='lat' dir='ltr'>occurrunt</span> <span class='ocrx_word' id='word_1_337' title='bbox 942 2127 1053 2165; x_wconf 86' lang='lat' dir='ltr'>atque</span> <span class='ocrx_word' id='word_1_338' title='bbox 1076 2118 1346 2163; x_wconf 86' lang='lat' dir='ltr'>interveniunt,</span> <span class='ocrx_word' id='word_1_339' title='bbox 1376 2120 1413 2155; x_wconf 86' lang='lat'>&amp;</span> <span class='ocrx_word' id='word_1_340' title='bbox 1435 2118 1482 2156; x_wconf 88' lang='lat' dir='ltr'>ad</span> <span class='ocrx_word' id='word_1_341' title='bbox 1514 2120 1608 2156; x_wconf 85' lang='lat' dir='ltr'>alios</span> <span class='ocrx_word' id='word_1_342' title='bbox 1631 2120 1763 2158; x_wconf 84' lang='lat' dir='ltr'>titulos</span> <span class='ocrx_word' id='word_1_343' title='bbox 1789 2132 1875 2171; x_wconf 78' lang='lat' dir='ltr'>pto-</span> 
     </span>
     <span class='ocr_line' id='line_1_36' title="bbox 273 2168 1372 2220; baseline 0.007 -18"><span class='ocrx_word' id='word_1_344' title='bbox 273 2168 351 2215; x_wconf 80' lang='lat' dir='ltr'>prie</span> <span class='ocrx_word' id='word_1_345' title='bbox 370 2171 573 2218; x_wconf 85' lang='lat' dir='ltr'>pertinent,</span> <span class='ocrx_word' id='word_1_346' title='bbox 601 2180 790 2218; x_wconf 87' lang='lat' dir='ltr'>notemus,</span> <span class='ocrx_word' id='word_1_347' title='bbox 820 2183 869 2209; x_wconf 85' lang='lat' dir='ltr'>nc</span> <span class='ocrx_word' id='word_1_348' title='bbox 890 2170 1083 2220; x_wconf 85' lang='lat' dir='ltr'>inquisitio</span> <span class='ocrx_word' id='word_1_349' title='bbox 1107 2171 1372 2211; x_wconf 86' lang='lat' dir='ltr'>confundatur.</span> 
     </span>
    </p>
   </div>
   <div class='ocr_carea' id='block_1_3' title="bbox 854 2425 1288 2745">
    <p class='ocr_par' dir='ltr' id='par_1_3' title="bbox 854 2425 1288 2745">
     <span class='ocr_line' id='line_1_37' title="bbox 854 2425 1288 2745; baseline 0 825"><span class='ocrx_word' id='word_1_350' title='bbox 854 2425 1288 2745; x_wconf 95' lang='lat' dir='ltr'> </span> 
     </span>
    </p>
   </div>
   <div class='ocr_carea' id='block_1_4' title="bbox 1617 2957 1871 2999">
    <p class='ocr_par' dir='ltr' id='par_1_4' title="bbox 1617 2957 1871 2999">
     <span class='ocr_line' id='line_1_38' title="bbox 1617 2957 1871 2999; baseline 0 -3"><span class='ocrx_word' id='word_1_351' title='bbox 1617 2957 1871 2999; x_wconf 86' lang='lat' dir='ltr'>TITUL1</span> 
     </span>
    </p>
   </div>
  </div>
 </body>
</html>
