1973 3570
122 205 213 238 102

441 185 872 235 HISTORIA
925 178 1177 228 DENSI
1230 177 1327 223 ET
1380 179 1601 251 RARI.

306 286 509 326 Connexm
564 286 787 325 Aeuom
820 282 1060 328 dilatationis,
1102 293 1196 329 quae
1219 280 1261 317 fit
1286 292 1351 331 per
1380 276 1686 317 affimilationem
1712 283 1748 318 ὃ(
1773 295 1850 320 ver-

253 340 395 380 sionem
412 344 450 379 in
467 344 629 388 tenuius,
658 342 864 392 opponitur
880 339 976 375 ac‘tio
993 337 1272 381 conti-actionis,
1302 346 1396 382 quac
1411 334 1451 370 fit
1467 347 1532 385 per
1548 331 1854 374 assimilationem

254 400 292 435 ὅ(
310 395 518 436 versionem
540 398 578 433 in
599 394 754 433 densius.
812 394 1060 441 Intelligimus
1081 400 1218 437 autem,
1248 389 1400 437 quando
1417 388 1490 424 hoc
1509 388 1549 425 fit
1570 402 1650 426 non
1669 403 1733 441 per
1753 392 1855 441 frigi-

254 453 359 498 dum,
395 453 453 489 vel
479 452 618 489 actuale
642 451 700 489 vel
726 449 944 501 potentiale,
984 446 1045 483 sed
1074 458 1138 497 per
1165 445 1365 494 imperium
1397 445 1565 494 corporis
1591 446 1709 494 magis
1734 446 1855 494 affivi,

253 508 357 555 quod
382 506 416 543 se
437 506 660 556 multiplicat
689 517 731 541 ex
757 514 918 555 corpore
938 503 1056 550 magis
1083 496 1236 551 passivo.
1292 494 1528 555 Affimilatio
1548 509 1673 535 autem
1700 501 1743 537 ad
1767 501 1857 538 den-

254 561 336 599 surn
361 559 476 610 magis
501 572 580 597 rara
604 560 663 605 est,
702 561 738 595 ὃ(
763 559 888 594 minus
913 566 1047 606 potens
1077 556 1214 600 multo,
1251 565 1363 601 quam
1389 550 1605 590 assimilatio
1636 553 1681 590 ad
1710 567 1856 597 rarum3

255 617 341 665 quia
364 627 522 665 corpora
537 613 647 651 densa
670 613 787 662 magis
804 611 887 649 sunt
913 612 1045 661 ignava
1065 612 1102 647 δί
1124 610 1258 646 inertia
1273 609 1318 645 ad
1342 619 1435 659 opus
1451 604 1727 646 assimilationis
1743 621 1856 658 quam

256 671 394 708 tenuia.

320 760 613 800 Contradiones
628 768 819 812 corporum
824 766 897 810 per
911 754 1227 805 affi‘milationem,
1245 750 1334 804 five
1349 751 1552 804 verstonem
1567 755 1608 793 in
1624 750 1785 805 denstus.

316 847 348 872 1.
381 835 542 871 SUPRA
575 831 797 877 notavimus,
826 832 950 868 lutum
977 831 1075 866 inter
1107 828 1245 878 lapides
1272 839 1405 877 parvos
1432 828 1577 866 densari
1599 831 1640 866 in
1660 831 1857 868 materiam

261 889 453 939 lapideam.

315 955 350 980 2.
381 944 579 979 LATERA
595 940 793 977 doliorum
807 938 963 975 densant
978 938 1096 975 faeces
1111 937 1189 974 vini
1205 937 1243 973 in
1259 946 1451 973 tartarum.

312 1007 346 1047 3.
376 998 571 1033 DENTEs
595 994 750 1032 densant
768 1006 808 1031 ea
832 1005 925 1042 quae
940 1006 982 1030 ex
1006 992 1297 1028 manducatione
1312 992 1386 1028 cibi
1410 991 1683 1030 &humoribus
1706 994 1782 1030 oris
1798 993 1857 1032 ad-

258 1052 411 1089 haerent
427 1052 467 1087 in
488 1049 665 1098 squamas,
695 1061 788 1098 quae
802 1049 951 1099 purgari
973 1050 1009 1085 ὅ(
1037 1046 1201 1084 abscindi
1227 1042 1390 1097 pofl'1nt5
1419 1058 1549 1084 verum
1565 1059 1680 1096 aeque
1695 1048 1802 1086 duras
1816 1061 1859 1087 ac

259 1106 380 1156 ipsum
395 1117 437 1141 os
452 1105 635 1141 dentium.

313 1170 351 1208 4.
367 1161 484 1195 OMN
495 1170 545 1195 IA
562 1159 654 1195 dura
670 1160 706 1195 <St
721 1157 840 1195 solida
853 1157 994 1205 aliquid
1009 1169 1051 1194 ex
1068 1156 1277 1205 liquoribus
1289 1157 1326 1192 δε
1342 1156 1381 1192 in
1396 1154 1517 1193 fundo
1534 1156 1722 1206 (maxime)
1742 1160 1778 1196 ὃς
1793 1170 1858 1208 per

260 1216 372 1252 latera
388 1214 670 1250 adhaerentibus
684 1211 927 1250 condensant.

318 1280 352 1317 5.
382 1270 520 1320 QUAE
531 1279 626 1305 CUN
637 1279 729 1318 QUE
746 1268 924 1303 alimenta
938 1276 1133 1304 vertuntur
1149 1266 1188 1301 in
1204 1277 1338 1315 corpus
1358 1266 1621 1302 alimentatum
1636 1268 1753 1315 magis
1769 1267 1857 1305 den-

261 1322 343 1361 sum
370 1335 480 1371 quam
507 1334 642 1372 corpus
667 1319 775 1373 ipfius
803 1322 973 1358 alimenti
1005 1319 1107 1367 (ficut
1135 1321 1238 1376 cibus
1266 1322 1302 1356 &
1328 1330 1438 1370 potus
1468 1321 1507 1356 in
1534 1319 1756 1359 animalibus
1783 1335 1859 1360 ver-

259 1387 391 1414 tuntur
420 1379 460 1414 in
489 1377 573 1423 offa,
611 1377 818 1424 calvariam,
859 1378 896 1413 ὅ(
923 1377 1077 1422 cornua)
1108 1376 1148 1411 in
1178 1371 1414 1411 aflimilando
1445 1374 1498 1420 (ut
1528 1375 1763 1414 manifestum
1793 1377 1855 1426 est)

257 1431 545 1469 condensantur.

312 1486 517 1524 Connexio.
538 1485 642 1523 ACT
656 1496 767 1523 10N1
795 1483 1018 1522 dilatationis
1046 1496 1110 1533 per
1137 1484 1358 1521 violentiam
1382 1494 1584 1529 externam,
1625 1481 1696 1521 five
1726 1499 1768 1523 ex
1797 1499 1855 1536 ap-

256 1540 374 1589 petitu
397 1539 467 1578 five
491 1551 622 1578 contra
638 1542 842 1590 appetitum
866 1541 1034 1589 corporis
1059 1540 1214 1585 dilatati,
1243 1541 1451 1590 opponitur
1475 1537 1569 1575 aciio
1589 1542 1857 1578 conti-aaronis

257 1606 322 1643 per
342 1597 561 1633 violentiam
579 1593 745 1631 {imiliter
760 1605 975 1634 externam3
1004 1606 1092 1631 cum
1112 1606 1272 1643 corpora
1286 1605 1480 1642 ponuntur
1495 1595 1538 1630 in
1552 1591 1779 1644 necestitate,
1811 1597 1859 1634 ab

257 1650 330 1686 illis
351 1662 442 1698 quae
458 1651 498 1686 in
513 1649 632 1699 ipsum
648 1659 775 1699 agunt,
805 1649 974 1696 cedendi,
1001 1652 1038 1687 ὃς
1054 1649 1087 1685 sc
1109 1649 1399 1698 comprimendi.

397 1740 689 1780 contramanes
704 1750 908 1793 corporum,
938 1752 1035 1794 qnae
1044 1737 1152 1791 fiunt
1158 1747 1231 1791 per
1252 1738 1482 1778 violentiam
1501 1747 1713 1779 externam.

314 1818 348 1846 1.
377 1808 484 1848 AER
507 1822 571 1860 per
594 1811 816 1848 violentiam
840 1809 912 1850 five
931 1807 1250 1862 compressioncm
1273 1822 1477 1857 externam,
1507 1812 1672 1859 aliquam
1692 1813 1856 1851 conden-

259 1863 442 1901 sationem
465 1865 573 1902 facile
586 1867 744 1915 patitur3
773 1866 959 1912 majorem
982 1878 1074 1904 vero
1089 1877 1171 1903 non
1195 1867 1356 1903 tolerat:
1392 1876 1434 1903 ut
1454 1867 1494 1902 in
1517 1867 1689 1904 violento
1712 1868 1856 1920 impetu

258 1928 459 1956 ventorum
475 1922 511 1957 ὃς
526 1921 826 1958 terrae-motibus
842 1922 971 1969 liquet.

314 1983 348 2009 2.
379 1972 562 2011 ACCIPE
589 1977 756 2012 catinum
781 1977 963 2025 ligneum,
1002 1977 1144 2013 inverte
1169 1987 1377 2013 concavum
1398 1975 1487 2020 ejuS,
1517 1978 1553 2012 ὃ(
1578 1974 1728 2013 dimitte
1754 1978 1793 2013 in
1821 1989 1855 2015 a-

258 2038 370 2074 quam
391 2029 756 2079 perpendiculariter,
785 2033 822 2067 &
842 2030 957 2067 facito
973 2031 1080 2067 illum
1102 2029 1336 2076 descendere,
1366 2031 1563 2081 impellens
1583 2042 1709 2068 manu.
1764 2032 1855 2069 Por-

258 2080 349 2118 tabit
373 2082 498 2119 secum
516 2085 638 2120 a'e'rem
658 2084 772 2133 usque
793 2086 832 2122 in
857 2084 1018 2123 fundum
1042 2082 1140 2131 vafis‚
1169 2097 1239 2122 nec
1263 2084 1413 2133 recipiet
1435 2097 1568 2133 aquam
1592 2086 1757 2132 interius,
1787 2085 1856 2126 nist

256 2146 388 2184 parum
412 2137 510 2174 infra
530 2138 673 2176 summa
697 2139 816 2177 labra:
853 2140 896 2177 Id
921 2152 963 2177 ex
987 2141 1116 2177 colore
1136 2140 1230 2189 ligni
1256 2139 1450 2176 madefaffi
1475 2140 1675 2191 apparebit.
1731 2142 1856 2180 Tanta

256 2200 382 2227 autem
407 2191 525 2229 fuerat
549 2193 795 2231 condensatio
815 2204 876 2232 aut
899 2190 1127 2246 compressio
1151 2196 1256 2241 a'eris,
1291 2207 1372 2232 non
1397 2195 1568 2246 amplior.
1625 2196 1710 2232 Hoc
1732 2195 1858 2245 ipsum„

255 2242 446 2293 infigniter
470 2247 678 2298 apparebat,
715 2250 875 2286 invento
898 2249 1147 2286 instrumento
1174 2250 1219 2286 ad
1242 2248 1350 2287 usum
1373 2250 1633 2301 operariorum
1657 2249 1722 2287 sub
1747 2263 1853 2300 aqua.

255 2299 352 2336 Illud
367 2301 440 2336 tale
463 2311 563 2342 erat3
590 2303 869 2354 deprimebatur
891 2304 1039 2341 dolium
1054 2316 1236 2353 magnum
1252 2306 1289 2342 ὅ(
1308 2315 1516 2342 concavum
1539 2306 1622 2340 abre
1639 2305 1851 2354 impletum.

255 2353 351 2389 Illud
367 2353 477 2391 stabat
498 2354 603 2406 supra
618 2367 691 2394 tres
704 2358 815 2409 pedes
830 2360 1050 2405 metallicos,
1080 2358 1223 2400 crassos,
1251 2368 1293 2396 ut
1307 2360 1428 2408 mergi
1444 2358 1559 2408 posset
1574 2372 1581 2394 z
1611 2360 1727 2398 Pedes
1748 2372 1853 2399 erant

256 2406 445 2444 breviores
477 2409 608 2447 statura
641 2411 818 2450 hominis.
877 2414 1117 2460 Urinatores,
1158 2424 1245 2450 cum
1279 2412 1523 2464 respiratione
1551 2414 1595 2450 iis
1629 2427 1723 2466 opus
1754 2416 1852 2465 effer,

256 2460 452 2500 flectebant
468 2462 515 2510 se,
545 2464 805 2504 &inserebant
828 2469 946 2519 capita
961 2468 1126 2519 ipsorum
1150 2468 1190 2503 in
1205 2467 1365 2515 dolium,
1396 2471 1433 2505 &
1448 2468 1693 2517 respirabant:
1722 2471 1758 2507 &
1778 2470 1855 2509 hoc

255 2517 484 2566 repetebant,
514 2521 551 2556 ὅ(
576 2531 669 2569 opus
692 2523 962 2559 continuabant
980 2523 1024 2559 ad
1047 2533 1195 2559 moram
1209 2523 1458 2564 nonnullam3
1488 2523 1682 2572 quousque
1712 2523 1853 2564 scilicet

254 2571 327 2616 aer,
355 2572 419 2618 qui
434 2583 500 2622 per
515 2574 553 2610 in
560 2573 761 2612 fertionem
777 2578 904 2625 capitis
924 2577 1066 2629 semper
1082 2578 1122 2615 in
1137 2578 1343 2626 quantitate
1357 2579 1544 2616 nonnulla
1561 2590 1581 2615 e
1595 2578 1703 2616 dolio
1717 2580 1853 2628 exibat,

254 2623 301 2661 ad
319 2626 525 2663 minimum
540 2628 749 2667 diminutus
770 2631 867 2668 esset,

310 2688 345 2729 3.
376 2680 449 2718 Ar
473 2692 655 2729 quantum
679 2684 801 2736 ipsum
819 2685 1136 2734 condensationis‚
1164 2685 1266 2735 quod
1292 2686 1452 2724 libenter
1472 2688 1696 2726 toleraturus
1716 2687 1758 2725 fit
1777 2690 1851 2738 ae‘r,

253 2733 484 2783 cognoscere
509 2738 546 2773 ὅ(
570 2737 763 2789 supputare
790 2736 904 2790 poss'1s
930 2740 1005 2778 hoc
1031 2741 1178 2779 modo:
1213 2741 1337 2792 accipe
1361 2743 1509 2791 pelvem
1534 2754 1648 2789 aquae
1676 2744 1850 2794 plenam:

253 2790 366 2826 mitte
393 2790 433 2825 in
462 2801 545 2827 eam
572 2793 770 2840 globulum
795 2807 838 2832 ex
866 2795 1034 2843 metallo,
1072 2806 1135 2834 aut
1161 2796 1336 2846 lapidem,
1376 2797 1440 2844 qui
1469 2794 1619 2834 resideat
1649 2798 1688 2837 in
1714 2797 1847 2839 fundo.

254 2843 529 2893 Superimpone
551 2848 730 2894 catinum,
758 2851 817 2888 vel
842 2850 1041 2899 impellens
1060 2862 1187 2898 manu,
1215 2852 1274 2888 vel
1295 2863 1337 2888 ex
1360 2851 1516 2888 metallo
1540 2852 1591 2887 ita
1615 2851 1849 2902 fabricatum,

254 2906 294 2933 ut
317 2897 477 2936 fundum
492 2899 624 2950 sponte
648 2912 760 2951 petat.
819 2905 857 2941 Si
877 2904 1052 2953 globulus
1074 2905 1186 2943 fuerit
1205 2906 1287 2942 talis
1309 2905 1591 2954 magnitudinis,
1621 2916 1662 2944 ut
1677 2908 1737 2943 ae'r
1761 2919 1850 2948 eon·

252 2950 518 2993 densationem
544 2954 675 3005 (qualis
710 2958 754 2995 ad
790 2958 991 3009 globulum
1017 2961 1115 2999 intra
1137 2961 1303 2999 catinum
1327 2959 1584 3012 recipiendum
1609 2957 1778 3010 sufficiat)
1806 2964 1849 3000 li-

1717 3016 1850 3055 benter
