1973 3570
161 231 467 280 NORMA
520 231 991 282 HISTORIAE
1043 231 1562 282 PRAESENTIS.

53 334 116 383 est,
145 334 362 373 universum
378 346 473 384 opus
489 335 780 382 Instaurationis,
809 335 935 384 potius
953 345 1181 383 promovere
1206 336 1246 371 iu
1271 336 1401 372 multis
1429 348 1542 385 quam
1567 339 1672 387 perfi-

50 403 139 428 cere
158 392 197 428 in
218 392 369 440 paucisx
400 390 473 427 hoc
493 401 690 440 perpetuo,
721 392 890 426 maximo
906 402 993 427 cum
1010 391 1144 426 ardore
1161 391 1325 438 (qualem
1342 392 1445 429 Deus
1467 395 1672 440 mentibus,

50 455 95 484 nt
124 447 234 496 plane
264 445 503 492 conlidimus,
542 446 678 482 addere
714 444 822 493 solet)
854 455 1082 495 appetenteS,
1120 456 1162 482 ut
1191 446 1296 494 quod
1326 447 1446 484 adhuc
1475 461 1673 497 nunquam

51 511 242 539 tentatum
263 500 318 548 sit,
348 501 385 537 id
413 513 462 538 ne
486 502 562 546 jam
586 499 719 538 frustra
734 511 914 538 tentetur.
973 502 1094 538 Simul
1112 501 1224 538 subiit
1249 502 1421 539 animum
1446 505 1510 540 illa
1534 506 1674 554 cogita-

51 559 130 594 tio:
160 555 279 606 spargi
304 557 558 606 proculdubio
591 568 658 605 per
684 557 890 605 Europam,
919 557 1117 606 complura
1141 558 1305 606 ingenia,
1343 561 1501 607 capacia,
1541 561 1671 606 libera,

49 611 203 659 excelsa,
241 611 402 657 subtilia,
441 611 571 657 solida,
606 611 823 648 constantia.
880 612 985 664 Qud
1013 609 1038 648 si
1067 613 1163 660 quis,
1193 613 1259 649 tali
1282 614 1441 662 ingenio
1469 616 1669 663 praeditus,

47 668 240 705 rationem
268 670 305 704 &
333 666 440 704 usum
464 668 611 717 Organi
641 666 758 704 nostri
782 667 913 716 capiat,
948 667 1111 716 probet?
1151 669 1301 704 Tamen
1330 681 1412 706 non
1436 669 1548 707 habet
1578 671 1671 719 quid

48 733 144 772 agat,
173 735 244 759 nec
264 723 466 771 quomodo
484 721 518 759 se
539 723 583 759 ad
600 721 880 772 philosophiam
897 732 1092 772 comparet
1108 733 1171 760 aut
1187 724 1368 773 accingat.
1427 725 1463 762 Si
1487 725 1573 762 ess'et
1599 739 1670 773 reS,

47 790 142 826 quae
159 778 321 815 1661111111-
337 778 525 814 librorum
547 778 916 828 philosophicorum,
947 788 1011 815 aut
1031 777 1301 828 disputatione,
1333 790 1394 817 aut
1416 781 1670 819 meditatione

46 833 176 882 perfici
193 834 322 883 poss'et,
352 830 536 870 sufficeret
552 834 701 871 formae.
726 835 802 879 ille,
832 833 999 882 quisquis
1018 832 1072 880 lit,
1105 837 1141 871 ὃς
1165 835 1313 872 abunde
1338 835 1431 872 illud
1457 834 1668 885 praestaret.

45 889 162 941 Quod
179 887 203 925 fi
218 889 263 925 ad
279 889 483 926 Historiam
500 891 710 927 naturalem
728 891 763 925 δε
779 891 1034 937 experimenta
1059 891 1198 927 artium
1223 891 1333 927 illum
1359 893 1589 929 remittimus
1618 894 1669 939 (id

46 943 153 992 quod
170 944 354 991 facimus)
386 945 524 990 haeret,
556 957 637 982 non
655 944 704 980 est
719 944 876 980 instituti
893 945 982 989 ejus,
1014 957 1095 980 non
1120 946 1203 991 otii,
1235 957 1318 982 non
1340 947 1542 996 impensae.
1599 949 1670 985 At-

48 1001 115 1047 qui
131 1012 214 1037 non
229 1000 277 1036 est
301 1000 564 1050 postulandum
583 1001 706 1045 nobis,
736 1009 778 1034 ut
794 1000 877 1046 quis
892 1009 1016 1035 vetera
1035 999 1216 1044 dimittat,
1247 1011 1452 1049 antequam
1481 1003 1521 1039 in
1539 1003 1670 1052 posses-

48 1053 195 1092 fionem
218 1057 425 1092 meliorum
450 1056 660 1092 inducatur.
718 1053 918 1102 Postquam
947 1063 1073 1090 autem
1098 1065 1252 1091 naturae
1276 1057 1313 1092 ὅ(
1333 1058 1472 1094 artium
1496 1059 1670 1105 Historia,

47 1109 168 1147 fidelis
191 1113 229 1147 ἀ
253 1110 416 1159 eopiosa,
446 1111 602 1146 eolleeta
619 1113 656 1147 ὃς
675 1106 816 1158 digesta
840 1108 966 1156 fuerit,
997 1120 1109 1158 atque
1127 1111 1245 1147 veluti
1269 1120 1358 1147 ante
1384 1113 1517 1149 oeulos
1546 1113 1670 1151 homi-

47 1177 143 1202 num
171 1163 287 1214 posita
317 1168 354 1202 δε
382 1166 588 1214 explicata3
618 1178 700 1202 non
724 1166 846 1202 tenuis
879 1165 928 1201 est
956 1164 1044 1214 spes,
1074 1166 1239 1214 ingenia,
1268 1165 1315 1202 de
1331 1167 1466 1214 quibus
1493 1168 1668 1216 diximus,

43 1221 202 1270 grandia
224 1220 361 1268 (qualia
385 1223 421 1257 ὃς
449 1222 490 1257 111
517 1222 680 1269 antiquis
708 1220 941 1270 philosophis
961 1223 1176 1270 viguerunt,
1207 1224 1245 1259 ὃ(
1268 1221 1389 1259 adhue
1411 1234 1493 1260 non
1510 1236 1596 1261 raro
1613 1237 1667 1262 re-

40 1278 252 1327 periuntur)
280 1288 368 1313 eum
396 1287 521 1314 tantae
552 1277 709 1313 antehac
737 1276 879 1313 fuerint
908 1273 1106 1322 efficaciae,
1137 1287 1178 1314 ut
1211 1278 1329 1316 veluti
1359 1290 1402 1315 ex
1431 1277 1574 1316 scalmo
1602 1291 1665 1317 aut

40 1331 187 1370 concha
214 1331 309 1378 (rara
338 1331 478 1369 scilicet
503 1333 734 1382 experientia
763 1335 798 1369 ὅ(
814 1332 962 1379 frivola)
987 1333 1175 1369 naviculas
1199 1332 1377 1381 quasdam
1405 1333 1667 1384 philosophiae

39 1388 256 1426 admirabili
272 1385 451 1424 structura
469 1388 595 1436 quoad
619 1387 816 1436 opificium
841 1388 1143 1429 aedificaverint3
1173 1390 1300 1426 multo
1322 1391 1443 1438 magis
1467 1390 1665 1439 postquam

40 1442 182 1492 sylvam
206 1445 244 1480 δε
264 1444 463 1479 materiem
488 1444 592 1480 naeta
616 1442 697 1490 sint,
729 1442 925 1481 solidiores
948 1443 1143 1480 structuras
1173 1445 1397 1486 excitatura3
1435 1445 1552 1494 idque
1575 1447 1664 1484 licet

38 1500 98 1536 via
112 1499 229 1537 veteri
246 1510 401 1548 pergere
417 1500 565 1544 malint,
595 1511 666 1536 nee
680 1500 738 1537 via
755 1499 870 1536 nostri
887 1501 1035 1549 Organi
1067 1499 1188 1547 (quae,
1218 1510 1260 1537 ut
1284 1500 1397 1537 nobis
1410 1501 1572 1549 videtur,
1603 1512 1666 1540 aut

37 1556 149 1591 unica
177 1554 227 1592 est
255 1564 317 1591 aut
348 1555 506 1604 optima)
538 1556 604 1591 uti.
667 1556 795 1603 Itaque
824 1555 898 1592 bue
927 1567 983 1592 res
1013 1555 1123 1601 redit,
1163 1566 1204 1592 ut
1237 1557 1440 1606 Organum
1478 1557 1662 1604 nostrum,

37 1607 179 1647 etiamsi
196 1609 308 1647 fuerit
325 1609 553 1656 absolutum,
578 1610 715 1659 absque
730 1610 893 1648 Historia
908 1611 1070 1648 naturali
1089 1623 1171 1647 non
1189 1613 1359 1649 multum
1375 1626 1385 1653 3
1414 1612 1576 1649 Historia
1600 1625 1666 1650 na-

36 1666 168 1703 turalis
182 1665 320 1714 absque
337 1667 511 1716 Organo,
541 1678 623 1703 non
645 1678 778 1716 parum
794 1666 1107 1703 instaurationem
1131 1665 1372 1704 scientiarum
1395 1664 1437 1704 fit
1466 1668 1662 1717 proveetu-

34 1732 88 1758 ιλ.
143 1722 270 1773 Quare
287 1723 465 1768 omnino,
495 1724 532 1759 &
547 1732 634 1759 ante
651 1723 794 1769 omnia,
824 1724 865 1759 111
880 1721 956 1759 hoc
972 1722 1191 1759 incumbere
1208 1722 1318 1759 satius
1335 1724 1372 1759 &
1387 1723 1596 1760 consultius
1611 1723 1664 1761 vi-

35 1774 120 1813 sum
135 1777 195 1814 est.
251 1778 356 1814 Deus
371 1775 531 1815 universi
549 1778 758 1823 Conditor,
778 1777 1054 1823 Conservator,
1072 1777 1310 1825 Instaurator,
1339 1777 1414 1815 hoe
1430 1789 1537 1828 opiis,
1569 1779 1661 1816 &in

34 1830 246 1869 ascensione
263 1832 306 1869 ad
323 1834 486 1883 gloriam
504 1833 619 1878 luam,
649 1836 686 1870 ἅ
702 1835 741 1869 111
765 1831 1005 1870 descensione
1031 1833 1075 1870 ad
1098 1833 1246 1870 bonum
1262 1834 1473 1871 humanum
1497 1846 1568 1884 pro
1599 1834 1660 1871 sua

35 1899 85 1923 er
78 1899 123 1936 ga
146 1888 324 1925 homines
350 1889 617 1926 benevolentia
646 1891 682 1926 &
711 1888 984 1936 misericordii,
1014 1899 1151 1939 proteg
1137 1900 1188 1926 at
1218 1891 1255 1927 ὅ(
1280 1900 1395 1939 regat,
1424 1902 1489 1940 per
1521 1891 1660 1927 filium

37 1941 146 1980 11111111
162 1944 332 1991 unicum,
362 1943 564 1982 nobiicum
578 1946 720 1983 Deum.

293 2230 1403 2328 NORMA

202 2450 783 2529 HISTORIAE
861 2451 1485 2528 PRAESENTIS.

267 2823 389 2862 vitum
405 2824 453 2860 est
466 2833 596 2861 tamen
610 2824 731 2871 hujus,
755 2835 871 2872 quam
884 2835 988 2860 nune
1003 2822 1257 2873 aggredimur,
1277 2823 1462 2860 Historiae
1477 2834 1658 2859 normam

269 2881 308 2917 ὃ(
321 2878 370 2929 fig
348 2891 493 2926 ‹r,uram
522 2881 560 2916 &
576 2881 782 2917 accuratius
804 2877 1013 2916 describere
1024 2853 1080 2916 v&
1095 2877 1328 2916 luccinecius.
1385 2879 1551 2916 Titulis
1542 2890 1583 2914 111
1599 2889 1657 2914 ea-

30 2935 163 2984 talogo
177 2932 467 2984 comprehensis,
496 2935 562 2983 qui
583 2937 777 2983 pertinent
792 2935 838 2971 ad
866 2943 1057 2982 concreta,
1085 2935 1220 2971 titulos
1243 2933 1290 2971 de
1305 2935 1448 2971 naturis
1464 2933 1650 2970 abstractis

34 2990 210 3038 (quarum
238 2990 394 3036 ibidem,
433 3000 475 3027 ut
502 2990 677 3027 historiae
707 2989 925 3037 reservatae,
963 2991 1206 3027 mentionem
1232 2988 1406 3037 fecimus)
1442 2987 1655 3037 superaddi-

32 3056 129 3081 mus.
184 3046 235 3082 Hi
250 3045 336 3083 sunt
358 3046 536 3082 materiae
552 3044 801 3082 schematismi
816 3043 959 3092 diverfi,
989 3043 1061 3084 five
1083 3044 1230 3081 formae
1245 3046 1388 3093 primae
1411 3040 1542 3091 classis,
1572 3053 1655 3078 mo-

31 3109 92 3137 tus
106 3096 299 3149 fimpliees.
356 3102 535 3138 Summae
559 3110 753 3148 motuum,
782 3101 980 3139 mensurae
1015 3110 1208 3147 motuum,
1238 3100 1309 3136 alia
1339 3099 1534 3149 quaedam.
1591 3097 1653 3187 Isse

1622 3161 1651 3185 is

240 2711 485 2752 UAMVIS
519 2712 589 2753 sub,
608 2712 727 2751 finem
749 2713 829 2759 eius
857 2712 970 2761 partis
999 2712 1149 2761 Organi
1172 2710 1301 2758 nostri,
1343 2723 1440 2760 quae
1466 2712 1566 2750 edim
1593 2711 1655 2759 est,

37 2711 235 2934 Q
267 2778 464 2818 praecepta
488 2767 535 2805 de
556 2768 719 2806 Historia
742 2768 903 2806 naturali
927 2770 964 2806 ὃ(
984 2768 1270 2817 experimentali
1300 2766 1653 2818 conscripserimus
1644 2791 1654 2807 >

1753 253 1811 298 23
