1973 3570
449 166 884 220 HISTORIA
939 166 1195 214 DENSI
1246 165 1346 212 ET
1398 167 1621 214 RARI.

262 276 471 323 montium,
501 282 668 323 quorum
689 270 798 309 fundi
821 273 858 308 &
878 270 1019 308 radices
1043 269 1273 321 aequiparari
1292 264 1436 321 poffint
1461 269 1618 307 mineris
1632 267 1876 320 profundim-

260 333 346 379 mis,
375 333 413 370 &
431 341 566 368 aurum
578 328 668 365 inde
683 328 828 364 eluatur
841 339 853 366 ς
882 335 944 363 aut
959 324 1051 374 quid
1065 323 1219 362 tandem
1234 322 1277 361 fit
1296 323 1400 373 quod
1414 325 1532 376 pariat
1547 333 1692 362 tantam
1706 326 1876 364 conden-

263 386 450 425 sationem
463 383 587 423 versus
603 382 834 421 summitates
847 391 978 419 terrae.

317 453 353 480 2.
383 443 453 479 DE
469 440 624 477 mineris
635 439 674 474 in
691 448 827 486 genere
842 435 1112 485 quaerendum,
1142 445 1238 482 quae
1253 445 1295 470 ex
1311 433 1355 471 iis
1370 432 1515 471 soleant
1531 432 1602 470 effe
1615 430 1875 485 depressiores,

260 500 299 536 ὅ(
318 508 412 546 quae
431 495 588 545 propius
608 492 653 530 ad
681 490 912 543 superficiem
932 500 1075 529 terrae;
1104 491 1142 526 ὃ(
1166 490 1207 526 in
1222 489 1323 537 quali
1345 486 1414 525 situ
1429 490 1646 537 regionum,
1675 491 1713 526 ὃ(
1736 490 1777 526 in
1801 502 1876 539 qua

259 552 368 603 gleba
390 549 606 588 nascanturz
644 549 681 584 δ(
704 546 906 595 quomodo
931 545 966 582 se
992 544 1151 582 habeant
1171 543 1218 580 ad
1238 555 1370 592 aquas3
1408 545 1445 580 ὅ(
1468 545 1643 590 maxime,
1674 544 1715 580 in
1741 545 1877 593 quibus

260 606 446 645 cubilibus
466 603 695 642 decumbant
721 603 758 638 &
783 601 948 645 jaceant3
978 602 1015 637 &
1038 598 1240 648 quomodo
1270 598 1540 636 circundentur
1560 609 1623 635 aut
1648 597 1875 639 misceantur

261 661 394 712 lapide,
422 669 485 698 aut
505 659 635 706 aliquo
654 657 730 693 alio
750 652 866 693 fossili
883 670 890 692 :
920 655 1099 702 Denique
1119 665 1255 691 omnes
1274 653 1572 690 circumstantiae
1593 654 1875 703 examinandae,

262 726 303 754 ut
327 728 392 767 per
418 715 498 752 istas
517 713 701 762 explorari
720 707 846 762 possit,
883 722 956 758 qua
976 710 1124 746 ratione
1147 709 1245 745 succi
1267 710 1304 745 &
1329 707 1477 759 spiritus
1500 719 1621 746 terrae
1642 710 1683 745 in
1708 709 1874 748 conden-

261 772 447 809 sationem
475 769 579 806 istam
607 766 836 804 metallicam
859 765 967 814 (quae
996 764 1157 812 reliquas
1182 763 1299 812 longe
1318 762 1476 813 superat)
1508 764 1644 801 coeant
1674 773 1737 801 aut
1769 776 1873 802 com—

261 828 475 876 pingantur.
1276 873 1283 880 ·
1391 873 1398 880 ·
1609 873 1615 880 ⁸
1638 874 1644 880 ·

318 876 630 931 Observationes.
660 887 699 924 4.
722 875 934 912 Domum
949 873 1111 909 mininie
1131 871 1192 919 est,
1221 884 1315 921 quin
1331 874 1369 910 ὅ(
1388 885 1429 910 in
1449 873 1732 923 vegetabilibus,
1760 884 1873 923 atque

259 937 373 972 etiam
402 935 441 970 in
465 932 629 982 partibus
653 931 889 976 animalium,
917 927 953 965 se
978 927 1173 965 ostendant
1199 939 1360 979 corpora
1380 930 1577 979 complura
1603 929 1713 978 ligno
1741 929 1873 967 abietis

257 990 372 1037 longe
397 989 548 1025 leviora.
605 987 709 1024 Nam
730 986 767 1022 δε
786 985 983 1033 lanugines
1006 983 1281 1021 nonnullarum
1305 984 1532 1034 plantarum,
1561 984 1638 1021 alae
1658 983 1871 1026 muscarum

258 1046 295 1081 ὅ(
321 1043 437 1093 spolia
451 1042 689 1090 serpentum3
719 1050 832 1088 atque
857 1038 1060 1075 artificialia
1080 1049 1233 1086 quoque
1258 1036 1413 1085 diversa,
1444 1048 1484 1075 ut
1512 1039 1633 1076 lineus
1653 1050 1798 1088 pannus
1813 1052 1871 1078 ex—

256 1099 395 1135 tinans
417 1097 531 1145 (quali
551 1097 695 1132 utimur
713 1094 758 1131 ad
782 1094 936 1131 fomites
963 1092 1219 1140 flammai-um)
1245 1094 1281 1130 δε
1301 1092 1394 1130 folia
1420 1091 1602 1140 rosarum,
1631 1106 1726 1143 quae
1749 1093 1873 1147 super-

258 1153 343 1191 sunt
368 1164 388 1189 a
411 1152 652 1189 distillatione
678 1152 714 1187 &
743 1148 972 1196 hujusmodi,
1009 1147 1184 1200 superant
1209 1147 1360 1186 levitate
1391 1147 1445 1194 (ut
1470 1151 1658 1200 putamus)
1690 1150 1793 1199 ligna
1819 1152 1870 1190 le*

259 1204 417 1246 viffima.

314 1272 348 1312 5.
382 1262 681 1299 ComssizNDA
707 1261 743 1297 δε
771 1259 995 1309 corrigenda
1015 1258 1064 1296 est
1093 1259 1156 1296 illa
1176 1259 1362 1308 cogitatio
1388 1259 1428 1295 in
1445 1270 1559 1307 quam
1582 1259 1794 1297 intellectus
1805 1259 1870 1297 hu-

256 1329 388 1355 manus
402 1316 624 1368 propendet,
653 1326 803 1365 nempe,
831 1315 923 1352 dura
948 1313 1018 1351 effe
1037 1315 1199 1351 maxime
1223 1312 1347 1350 densa.
1403 1315 1507 1352 Nam
1523 1325 1723 1364 argentum
1738 1315 1869 1353 vivum

258 1372 353 1419 fluit,
383 1384 515 1409 aurum
537 1371 657 1408 molle
680 1370 728 1408 est
751 1372 787 1407 &
802 1369 1014 1421 plumbum.
1071 1369 1139 1406 Illa
1160 1380 1252 1407 vero
1266 1364 1471 1405 durissimis
1495 1370 1658 1406 metallis
1687 1369 1804 1416 (ferro
1829 1372 1868 1409 ὃ(

258 1429 354 1475 ae're)
377 1426 461 1465 sunt
476 1424 645 1464 denfiora
666 1427 702 1463 ὅ(
716 1427 908 1475 graviora3
937 1423 1121 1473 lapidibus
1140 1435 1233 1461 vcro
1249 1423 1370 1460 adliuc
1384 1424 1510 1461 multo
1525 1425 1656 1473 magis.

315 1483 351 1518 6.
383 1483 436 1519 IN
460 1481 585 1518 tabula
600 1481 718 1517 multa
741 1479 878 1517 cadunt
893 1490 1037 1529 praeter
1062 1479 1312 1528 opinionem:
1341 1479 1457 1516 veluti
1477 1478 1582 1527 quod
1601 1479 1754 1516 metalla
1779 1480 1868 1530 lapi-

256 1538 366 1574 dibus
398 1546 507 1574 tanto
535 1536 728 1585 graviora;
771 1534 876 1583 quod
911 1535 1051 1572 vitrum
1089 1533 1238 1583 (corpus
1272 1532 1412 1570 seilicet
1446 1534 1659 1582 excoctum)
1696 1534 1869 1583 crystallo

258 1590 437 1640 (corpore
452 1591 703 1639 conglaciato)
721 1591 866 1638 gravius
879 1602 889 1629 ς
919 1589 1023 1637 quod
1038 1599 1135 1626 terra
1150 1589 1369 1625 communis
1383 1598 1462 1625 tam
1478 1600 1611 1638 parum
1630 1589 1867 1638 ponderosa3

253 1646 357 1695 quod
385 1647 480 1692 olea,
512 1657 606 1693 aqua
634 1644 805 1681 distillata
834 1645 977 1682 vitrioli
1005 1646 1041 1681 ὅ(
1067 1643 1264 1692 sulphuris,
1300 1643 1346 1680 ad
1380 1644 1528 1693 pondus
1554 1645 1762 1682 crudorum
1787 1656 1867 1683 tam

254 1710 372 1751 prope
389 1701 590 1740 accedant3
620 1699 724 1748 quod
748 1709 826 1736 tam
841 1710 973 1750 parum
997 1696 1139 1736 interfit
1160 1699 1259 1735 inter
1274 1698 1423 1747 pondus
1445 1710 1560 1747 aquae
1575 1700 1612 1737 ὅ(
1627 1700 1729 1740 vini3
1759 1701 1866 1748 quod

254 1757 339 1792 olea
353 1755 523 1804 chymica
539 1755 645 1802 (quac
656 1753 849 1791 subtiliora
861 1754 978 1790 videri
986 1749 1142 1803 possint)
1157 1754 1251 1790 oleis
1266 1750 1439 1802 express'is
1453 1752 1739 1803 ponderofiora3
1759 1755 1866 1805 quod.

254 1822 297 1848 os
311 1809 353 1847 fit
369 1810 482 1847 dente
503 1812 540 1847 ὅ(
555 1821 676 1846 cornu
690 1819 800 1846 tanto
815 1810 960 1858 gravius
973 1822 983 1849 3
1012 1810 1049 1845 δε
1064 1809 1134 1845 alia
1148 1805 1316 1845 similiter
1331 1808 1429 1846 haud
1444 1820 1569 1857 pauca.

305 1862 554 1902 Mandatum.
587 1874 622 1913 3.
653 1866 869 1902 NATURA
896 1861 997 1901 denii
1028 1865 1065 1900 &
1088 1864 1174 1910 rari,
1213 1863 1301 1900 licet
1329 1873 1489 1900 caeteras
1513 1874 1661 1901 naturas
1681 1863 1760 1902 fere
1782 1877 1864 1916 per-

253 1930 388 1966 currat,
408 1931 532 1968 neque
545 1919 750 1956 secundum
764 1930 893 1955 earum
906 1930 1058 1955 normas
1073 1928 1234 1967 regatur,
1255 1917 1402 1955 videtur
1415 1917 1663 1957 solummodo
1677 1931 1862 1970 magnum

251 1974 388 2012 habere
408 1973 631 2011 consensum
646 1985 734 2010 cum
749 1974 851 2023 gravi
872 1975 908 2010 ὃς
923 1974 1007 2011 levi.
1063 1972 1120 2010 At
1135 1972 1362 2024 suspicamur
1381 1975 1495 2010 ctiam
1511 1985 1594 2011 eam
1609 1974 1711 2025 pofl'e
1726 1975 1864 2015 habere

251 2028 474 2066 consensum
490 2040 577 2066 cum
592 2029 696 2065 tarda
709 2031 745 2065 &
760 2029 872 2065 celeri
885 2029 1105 2080 exceptione
1120 2030 1157 2066 δί
1168 2026 1403 2079 depositione
1419 2029 1578 2067 calidi&
1593 2029 1735 2078 frigidi.
1782 2032 1863 2071 Fiat

250 2084 366 2132 igitur
385 2086 696 2135 experimentum,
727 2081 751 2119 fi
775 2084 891 2120 rarius
915 2095 1050 2134 corpus
1073 2095 1155 2121 non
1179 2083 1351 2120 admittat
1375 2085 1412 2120 ὅ(
1436 2085 1583 2122 amittat
1610 2085 1774 2122 calorem
1795 2097 1859 2126 aut

250 2138 367 2187 frigus
399 2140 567 2185 celei-ius,
610 2136 755 2175 densius
783 2150 876 2175 vero
908 2139 1058 2175 tardius,
1114 2138 1230 2186 quue
1255 2138 1439 2189 probetur
1469 2140 1509 2175 in
1538 2150 1642 2184 auro,
1683 2141 1860 2190 plumbo,

251 2193 384 2243 lapide,
413 2194 531 2241 ligno,
554 2196 623 2230 δερ.
680 2195 758 2230 Fiat
773 2203 899 2230 autem
914 2194 955 2230 in
970 2190 1081 2230 simili
1095 2194 1213 2244 gradu
1231 2194 1377 2240 caloris,
1407 2191 1517 2230 simili
1532 2203 1677 2242 quanto
1692 2196 1729 2232 ὃ(
1743 2195 1860 2247 figura

251 2250 430 2299 corporis.

763 2299 1045 2340 Vellicationes
1065 2299 1111 2340 de
1132 2300 1335 2342 Prainca.

308 2375 340 2401 1.
373 2365 606 2402 MISTURA
631 2367 760 2403 omnis
785 2379 992 2419 corporum
1014 2380 1079 2419 per
1104 2368 1271 2405 tabulam
1300 2370 1338 2404 ὅ(
1364 2367 1533 2419 pondera
1559 2370 1713 2407 revelari
1735 2373 1772 2409 ὅ(
1796 2372 1858 2409 de-

251 2420 430 2469 prehendi
454 2421 582 2469 potest.
643 2422 680 2458 Si
708 2422 812 2457 enim
827 2431 1026 2470 quaeratur
1049 2433 1234 2471 quantum
1248 2434 1363 2470 aquae
1387 2420 1428 2469 fit
1444 2422 1640 2461 admistum
1660 2426 1765 2472 vino,
1795 2429 1856 2465 vel

251 2484 434 2521 quantum
456 2475 600 2524 plumbi
625 2487 728 2521 auro,
759 2478 796 2512 ὅ(
810 2474 857 2513 sic
873 2476 921 2514 dc
941 2477 1116 2525 reliquis;
1146 2477 1360 2528 ponderato
1374 2476 1639 2529 compositum,
1670 2481 1856 2520 &consu-

251 2531 287 2565 le
306 2530 469 2565 tabulam
485 2530 530 2566 de
546 2530 712 2580 pondere
728 2528 974 2581 finiplicium3
995 2533 1032 2569 ὅ(
1048 2531 1192 2570 mediae
1209 2532 1373 2568 rationes
1388 2531 1599 2581 compositi,
1620 2545 1856 2587 comparatae

252 2584 297 2619 ad
313 2582 501 2632 simplicia,
530 2585 671 2621 dabunt
695 2594 879 2632 quantum
907 2586 1090 2625 misturae.
1145 2585 1326 2623 Arbitror
1342 2587 1416 2624 hoc
1436 2588 1506 2624 effe
1534 2591 1639 2640 εὔξωμαι
1667 2590 1762 2628 illud
1781 2590 1854 2629 Ar-

250 2638 455 2678 chimedis
486 2638 546 2675 sed
562 2649 752 2687 utcunque
765 2640 817 2676 ita
836 2651 892 2676 res
912 2638 974 2678 est.

305 2704 338 2729 2.
372 2693 661 2730 CONFECTIO
689 2695 780 2741 auri,
820 2704 882 2731 aut
910 2695 1175 2742 transmutatio
1202 2697 1448 2734 metallorum
1477 2699 1517 2734 in
1541 2698 1647 2744 illud,
1685 2701 1854 2739 omnino

249 2759 318 2795 pro
335 2747 494 2798 suspecta
509 2748 676 2785 habenda
691 2749 749 2785 est.
791 2747 943 2786 Aurum
959 2752 1061 2787 enim
1077 2752 1254 2788 omnium
1272 2763 1477 2803 corporum
1493 2751 1852 2802 ponderoiiffimum

246 2805 282 2839 &
305 2799 570 2839 densiss'inium.
627 2804 754 2852 Igitur,
784 2814 824 2841 ut
844 2804 945 2841 aliud
969 2807 1162 2858 quippiam
1176 2816 1339 2843 vertatur
1366 2808 1405 2843 in
1424 2819 1569 2853 aurum,
1597 2808 1747 2858 prorfiis
1761 2821 1852 2847 con-

245 2857 464 2894 densatioiie
480 2869 573 2906 opus
588 2857 646 2893 est.
697 2857 958 2896 Condensatio
973 2871 1097 2898 autem
1116 2860 1345 2912 (praesertim
1361 2863 1400 2898 in
1417 2863 1638 2912 corporibus
1652 2863 1758 2900 valde
1773 2876 1862 2918 ma3

245 2913 396 2958 retiatis,
427 2915 548 2961 qualia
573 2911 655 2949 sunt
671 2914 834 2961 metalla)
863 2914 959 2963 apud
979 2927 1049 2952 iios
1069 2916 1244 2953 homines
1268 2917 1307 2952 in
1325 2915 1512 2965 superficie
1535 2927 1653 2953 terrac
1668 2918 1848 2967 degentes

246 2968 304 3003 vix
320 2966 636 3015 superinducitur:
654 2967 854 3016 Pleraeque
870 2970 973 3005 enim
990 2971 1086 3019 ignis
1100 2969 1338 3008 densationcs
1353 2970 1734 3020 pseudodcnsationes
1750 2973 1845 3019 sunt,

242 3019 266 3058 fi
282 3031 407 3057 totum
428 3023 615 3071 respicia33
647 3022 701 3068 (ut
717 3022 838 3072 postea
854 3023 1062 3063 videbimus
1077 3026 1100 3075 z)
1131 3025 1205 3064 hoc
1220 3026 1280 3074 est,
1307 3036 1467 3075 corpora
1483 3027 1522 3062 iri
1537 3027 1701 3075 partibus
1715 3029 1845 3077 aliqui-

241 3077 308 3114 bus
323 3075 395 3115 suis
410 3076 654 3125 condensam,
684 3087 810 3115 totum
828 3079 997 3117 minime.
1552 3082 1559 3091 '
1617 3090 1650 3123 3.
1682 3083 1846 3121 VERUM
