1973 3570
365 184 783 236 HISTORIA
830 181 1352 234 VENTORUM.

111 290 150 328 A
173 290 533 328 ΡοτΕετΑτιΒυε
558 298 762 327 ventorum
787 286 948 325 transeat
977 285 1176 340 inquisitio
1200 289 1247 327 ad
1275 278 1513 341 prognostica
1538 306 1670 338 vento—

56 356 155 392 rum,
189 357 270 383 non
301 344 423 382 solum
446 354 600 395 propter
627 342 736 382 usum
764 343 1079 393 praedietionum,
1118 344 1180 382 sed
1204 346 1292 394 quia
1314 349 1599 390 manuducunt
1622 356 1668 392 ad

55 399 201 438 causas:
244 399 480 449 prognostica
516 400 621 437 enim
649 408 712 436 aut
727 399 1029 451 praeparationes
1049 412 1186 437 ‘rerum
1214 402 1437 450 monstrant,
1465 416 1669 454 antequam

54 456 305 505 perducantur
320 455 365 493 ad
380 455 524 496 aetum5
551 465 615 492 aut
629 453 907 502 inchoationes,
926 463 1131 504 antequam
1145 456 1398 507 perducantur
1414 459 1460 502 ad
1473 459 1637 499 sensum.

608 544 862 600 Prognostica
884 554 1102 589 ventorum.

110 632 174 676 32.
207 623 583 660 COLLIGANTUR
604 632 693 659 cum
716 621 912 671 diligentia
935 621 1037 659 bona
1061 622 1299 673 prognostica
1312 635 1517 663 ventorum
1540 628 1666 666 omni·

52 690 149 728 gena
176 678 332 727 (praeter
361 677 590 725 astrologica,
617 676 665 714 de
693 677 828 725 quibus
851 676 1017 726 superius
1048 678 1211 716 diximus
1238 690 1421 728 quatenus
1442 678 1513 719 fint
1541 683 1665 732 inqui-

51 734 166 771 renda
183 735 208 781 3)
238 730 308 771 five
330 742 505 784 petantur
530 743 572 768 ex
601 733 829 779 mereor-icis,
856 730 927 770 five
951 745 994 771 ex
1017 734 1134 782 aquis,
1163 732 1236 777 five
1258 747 1302 772 ex
1326 736 1500 776 instindiu
1522 739 1663 776 anima-

52 791 164 835 lium,
191 799 252 826 aut
268 788 402 836 quovis
417 788 494 824 alio
508 786 639 824 modo.
1334 784 1336 788 ’

104 844 193 881 Pos
202 855 261 880 tn
270 854 293 879 E
303 853 370 879 Mo
387 839 668 891 inquisitionem
681 841 861 890 claudito‚
875 842 1107 893 inquirendo
1121 844 1169 883 de
1182 845 1430 886 imitamentis
1440 851 1663 898 ventorum,

49 894 121 937 five
135 900 177 936 in
191 897 421 937 naturalibus
436 895 506 936 five
522 898 562 934 in
578 897 842 936 artificialibus.
1066 914 1068 917 ’

607 989 864 1029 Imitamenta
890 998 1109 1031 ventorum.

104 1075 168 1117 33.
199 1066 478 1116 INQUIRITO
499 1063 546 1100 de
569 1063 817 1100 imitamentis
839 1071 1054 1101 ventorumv
1073 1065 1115 1102 in
1142 1065 1400 1108 naturalibus3
1432 1066 1557 1116 qualia
1574 1068 1660 1109 sunt

45 1120 154 1159 flatus
173 1122 215 1158 in
235 1120 456 1169 corporibus
479 1118 712 1165 animalium,
741 1118 849 1155 flatus
871 1117 913 1155 in
936 1119 1179 1169 receptaculis
1200 1119 1501 1160 distillationum.

100 1177 382 1227 INQUIRITO
404 1174 451 1211 de
480 1174 577 1210 auris
598 1173 704 1210 factis
727 1175 764 1211 ὃς
791 1174 914 1212 ventis
935 1170 1203 1223 artificialibus,
1239 1185 1280 1214 ut
1307 1175 1478 1227 follibus,
1506 1178 1659 1229 refrige-v

41 1232 192 1268 ratoriis
212 1231 252 1267 in
268 1230 493 1276 coenaculis,
524 1231 594 1266 &c.
1216 1266 1218 1271 f

97 1285 172 1323 AR
183 1296 232 1322 τι
243 1297 333 1323 cm,
344 1297 359 1323 1
383 1285 473 1321 tales
488 1282 569 1321 fint.
629 1285 767 1333 Neque
783 1283 896 1329 nobis
911 1283 1071 1322 dubium
1088 1284 1150 1332 est,
1178 1285 1276 1337 quin
1294 1282 1342 1325 ad
1359 1288 1571 1326 nonnullos
1588 1288 1657 1329 ho·

43 1352 131 1378 rum
146 1340 362 1391 responderi
386 1352 467 1377 non
490 1335 604 1390 poffit
627 1339 833 1377 secundum
856 1340 1006 1390 copiam
1029 1342 1292 1394 experientiae,
1321 1353 1436 1392 quam
1457 1343 1654 1382 habemus.

43 1395 190 1434 Verum
217 1395 542 1445 quemadmodum
568 1395 609 1432 in
632 1392 744 1432 caufis
771 1395 969 1436 civilibus;
1005 1396 1098 1444 quid
1118 1395 1223 1436 causa
1245 1397 1407 1447 postulet
1429 1408 1472 1436 ut
1494 1400 1658 1437 interro·

40 1461 166 1500 gemr,
196 1452 348 1489 noverit
376 1449 658 1497 jurisconsultus
681 1450 830 1492 bonus;
871 1449 965 1498 quid
995 1450 1100 1489 testes
1132 1449 1536 1505 respondere.poffint,
1571 1466 1656 1493 non

39 1507 199 1544 norint:
227 1506 334 1545 Idem
360 1506 473 1544 nobis
496 1507 594 1544 circa
615 1504 818 1544 Historiam
842 1515 998 1550 naturae
1018 1506 1166 1547 accidit.
1219 1508 1363 1553 Posteri
1386 1518 1530 1548 caetera
1552 1509 1653 1549 vide-

40 1571 131 1599 rint.
338 1582 343 1587 -
991 1575 995 1579 ’

89 1770 187 1867 Η
309 1772 350 1866 Ι
478 1770 540 1865 S
665 1771 766 1867 T
884 1768 979 1867 O
1107 1770 1193 1866 R
1310 1770 1355 1867 1
1475 1774 1604 1869 A;

44 1988 671 2078 NOMINA
769 1963 1647 2073 VENTO‘RUM

492 2232 592 2290 Ad
639 2233 1112 2292 ARTICULUM
1160 2235 1203 2294 I.

253 2373 461 2413 OMINA
489 2372 623 2420 venda
651 2373 778 2423 potius
801 2385 844 2410 ex
869 2371 1006 2409 ordine
1033 2373 1071 2408 &
1101 2371 1275 2421 gradibus
1295 2379 1504 2418 numerata,
1531 2381 1648 2420 quam

41 2375 246 2560 N
280 2442 322 2468 ex
338 2430 560 2479 antiquitate
580 2431 744 2480 proptia,
772 2429 1031 2477 imponimus:
1060 2426 1135 2467 hoc
1155 2426 1426 2476 perspicuitatis
1441 2428 1478 2464 &
1497 2437 1647 2464 memo-

279 2487 354 2523 riae
381 2486 509 2535 gratia.
564 2484 637 2522 Sed
668 2484 849 2522 vocabula
884 2484 1035 2531 antiqua
1071 2481 1267 2527 adjicimus
1304 2493 1458 2530 quoque
1489 2491 1647 2532 propter

280 2540 450 2590 suffragia
479 2539 683 2578 authorum
709 2548 893 2584 veterum,
928 2549 971 2575 ex
994 2536 1128 2585 quibus
1156 2548 1245 2574 cum
1272 2536 1371 2574 haud
1398 2547 1513 2586 pauca
1543 2536 1647 2584 (licet

34 2598 149 2634 anxio
175 2595 342 2646 quodam
363 2596 519 2643 judicio)
544 2595 809 2645 exceperimus,
837 2604 920 2630 non
937 2591 1185 2642 agnoscentur
1203 2591 1286 2642 'fere
1309 2592 1386 2639 illa,
1413 2588 1482 2628 nifi
1497 2590 1563 2629 sub
1577 2602 1649 2629 no-

37 2652 206 2690 minibus
228 2651 364 2701 quibus
378 2651 434 2687 illi
450 2648 501 2687 usi
524 2648 619 2687 sunt.
676 2649 835 2687 Partitio
857 2657 984 2684 autem
999 2648 1182 2697 generalis
1205 2658 1248 2684 ea
1263 2646 1364 2684 esto:
1394 2656 1436 2684 ut
1457 2643 1528 2684 sint
1543 2646 1648 2684 venti

37 2707 255 2753 cardinales,
284 2707 351 2755 qui
374 2705 513 2755 spirant
541 2716 562 2743 a
583 2704 796 2742 cardinibus
824 2702 958 2740 mundi
976 2716 999 2747 :—
1025 2701 1346 2749 Semicardinales‚
1376 2702 1442 2751 qui
1471 2701 1512 2738 in
1535 2701 1648 2737 dimi-

38 2762 137 2799 diis:
164 2761 349 2808 Mediam,
381 2761 447 2810 qui
469 2761 509 2797 in
537 2759 798 2797 intermediis:
824 2758 950 2795 Etiam
977 2769 1022 2795 ex
1052 2757 1287 2795 intermediis
1301 2756 1469 2794 mediani
1485 2756 1648 2800 majores

39 2826 237 2864 vocentur,
263 2817 331 2865 qui
345 2818 388 2854 in
402 2815 578 2865 quadriss
605 2816 775 2853 minores
795 2813 942 2863 reliqui.
997 2812 1234 2853 Particularis
1246 2822 1382 2856 autem
1394 2807 1526 2850 divisio
1541 2814 1584 2847 ea
1599 2808 1651 2847 est

41 2883 135 2920 quae
156 2870 333 2923 sequitur.

1480 2999 1643 3043 Caralim

1747 211 1813 257 29
