1973 3570
249 233 349 278 DE
400 230 676 278 FLUXU
725 229 830 277 ET
881 228 1287 279 REFLUXU
1338 231 1614 286 MARIS.

109 332 410 381 experimentum
424 328 515 368 istud
530 329 738 380 progressus
748 341 768 366 a
781 329 882 367 freto
895 327 1085 368 Herculeo
1097 331 1142 368 ad
1154 331 1294 369 fretum
1307 329 1596 384 Britannicum,
1611 341 1722 388 plane

108 385 350 424 demonstrat.
406 387 533 433 Itaque
552 386 777 422 arbitramur
794 386 908 422 etiam
932 385 1076 423 fluxum
1090 387 1187 423 circa
1206 388 1337 424 littora
1357 385 1526 440 Africae
1551 404 1717 434 anter-cra

107 453 187 478 tere
210 441 351 479 fluxum
374 442 471 477 circa
486 440 625 477 fretum
649 436 900 486 Herculeum,
929 442 966 478 &
989 439 1096 477 verso
1111 442 1247 478 ordine
1274 442 1415 480 fluxum
1437 445 1534 482 circa
1556 444 1711 488 Narve-

99 496 211 548 giam
223 505 455 533 antevertere
475 495 616 532 fluxum
636 496 734 531 eirca
750 491 949 536 Suedium
979 495 1042 532 scd
1060 494 1098 532 id
1113 497 1225 534 nobis
1244 499 1506 549 experimento
1520 512 1582 538 aut
1597 502 1707 541 histo-

112 554 164 588 ria
177 561 417 600 compertum
432 562 511 587 non
530 549 590 586 cst.

159 607 403 643 TERTIUM
422 606 720 654 experimentum
737 601 786 640 cst
808 604 902 645 tale3
933 606 1050 642 maria
1073 604 1194 644 clausa
1213 619 1257 644 cx
1281 608 1394 646 altera
1409 619 1525 658 parte,
1555 624 1649 660 quae
1671 612 1712 652 si-

104 672 174 698 nus
190 672 382 705 vocamus,
411 658 436 696 si
456 661 742 708 exporrigantur
763 660 1011 697 inclinatione
1026 661 1150 709 aliqua
1163 662 1210 698 ab
1231 664 1379 700 oriente
1394 665 1435 701 in
1456 667 1708 716 occidentem,

104 714 252 764 quaein
274 715 541 763 consequentia
557 712 606 750 est
628 725 716 750 cum
732 723 843 751 motu
858 727 950 752 vero
970 727 1163 763 aquarum,
1191 716 1331 754 habent
1352 718 1470 756 fluxus
1485 721 1653 770 vigentes
1673 727 1711 762 ὅ(

103 770 240 808 fortes:
269 768 294 806 fi
317 782 407 807 vcro
429 768 676 806 inclinatione
699 768 857 815 adversa,
886 770 1085 819 languidos
1110 773 1146 808 ὃ(
1173 771 1362 810 obscuros.
1420 776 1523 813 Nam
1550 779 1587 814 ὅ(
1606 789 1710 817 mare

103 822 367 876 Erythraeum
391 825 501 861 habet
526 823 667 861 fluxum
683 823 779 860 bene
798 835 993 873 magnum,
1023 828 1061 863 ὅ(
1078 824 1176 863 sinus
1196 824 1375 876 Pesscus
1389 831 1506 879 magis
1529 832 1626 869 tedia
1645 846 1707 884 pe-

101 891 185 918 tens
196 880 447 926 occidentem,
466 878 796 920 adhucmaiorem.
849 879 1019 916 Armate
1035 878 1368 919 Mediterraneum
1380 885 1483 932 quod
1500 883 1549 922 cst
1560 884 1708 926 sinuum

102 937 299 981 maximus,
319 937 355 972 ὅ(
368 934 477 979 hujus
489 944 609 985 partes
623 929 871 985 Tyrrhenum,
893 932 1051 972 ‘Pontus
1066 938 1102 974 ὅ(
1116 934 1341 987 Propontis,
1372 941 1407 976 δε
1420 938 1588 978 similiter
1603 954 1708 981 mare

102 987 315 1036 Balneum,
351 1001 445 1037 quae
470 991 601 1025 onmia
625 988 819 1025 refleetunt
842 989 887 1025 ad
914 992 1114 1037 orientem,
1143 992 1391 1031 destituuntur
1410 994 1499 1041 fere,
1529 998 1566 1033 &
1588 997 1709 1037 fluxus

101 1045 240 1084 habent
255 1045 479 1081 imbecillos.
536 1044 590 1080 At
608 1042 668 1080 ista
682 1042 892 1080 differentia
908 1046 1069 1082 maxime
1089 1046 1262 1083 elucescit
1277 1048 1316 1084 in
1333 1049 1496 1099 partibus
1515 1048 1707 1091 Mediter-

101 1099 222 1146 ranei,
251 1111 346 1148 quae
368 1097 549 1148 quamdiu
563 1108 722 1147 vergunt
747 1098 792 1134 ad
808 1100 1009 1146 orientem,
1038 1110 1101 1137 aut
1123 1100 1278 1138 fleetunt
1298 1104 1343 1139 ad
1359 1103 1631 1155 septentriones
1649 1109 1705 1154 (ut

100 1157 142 1193 in
158 1152 353 1206 Tyrrheno
372 1156 409 1191 ὃ(
424 1155 465 1190 in
479 1153 534 1199 iis,
563 1164 656 1201 quae
671 1152 846 1199 diximus,
875 1154 1054 1202 maribus)
1071 1156 1197 1203 quiete
1212 1167 1328 1205 agunt
1343 1158 1479 1206 absque
1495 1161 1590 1198 aestu
1609 1165 1707 1200 mul-

100 1220 166 1248 to:
195 1210 252 1247 At
266 1208 459 1259 postquam
477 1207 512 1244 se
526 1208 784 1244 converterint
800 1207 845 1244 ad
861 1209 1114 1257 occidentem,
1136 1211 1240 1258 quod
1255 1211 1296 1248 fit
1312 1212 1352 1249 in
1369 1215 1463 1250 mari
1479 1212 1704 1265 Adriatico,

99 1262 283 1314 insignem
306 1273 498 1312 recuperat
512 1262 667 1299 fluxum.
728 1262 803 1300 Cui
818 1263 960 1300 accedit
976 1266 1013 1301 ὅ(
1028 1265 1134 1312 illud,
1163 1266 1267 1313 quod
1282 1267 1322 1303 in
1337 1264 1628 1308 Mediterranea
1650 1285 1704 1309 re·

97 1320 218 1358 fluxus
245 1319 310 1356 ille
340 1319 463 1356 tenuis
495 1317 627 1365 (qualis
655 1318 860 1364 invenitur)
891 1320 1024 1370 incipit
1055 1320 1101 1356 ab
1128 1331 1286 1368 oceano,
1323 1321 1443 1360 fluxus
1471 1335 1492 1361 a
1517 1329 1705 1365 contraria

95 1385 212 1425 parte,
239 1385 281 1412 ut
304 1386 398 1423 aqua
413 1372 528 1422 magis
550 1371 719 1420 sequatur
740 1371 888 1410 cursum
914 1373 959 1410 ab
978 1376 1139 1421 oriente,
1168 1388 1281 1424 quam
1302 1375 1529 1415 refusionem
1544 1385 1702 1423 oceani.

95 1431 229 1479 Atque
249 1430 307 1467 his
321 1439 474 1466 tantum
496 1426 613 1465 tribus
628 1428 892 1477 experimentis
912 1429 950 1468 in
972 1429 1177 1479 praesentia
1192 1441 1343 1469 utemur
1357 1433 1402 1470 ad
1416 1432 1703 1483 inquisitionem

93 1486 201 1523 illam
216 1484 426 1522 secundam.

148 1541 318 1578 Possm*
341 1549 468 1577 tamen
494 1539 601 1583 adjici
626 1539 802 1588 probatio
827 1540 1010 1589 quaedam
1030 1540 1282 1580 consentanea
1301 1555 1389 1581 cum
1409 1544 1466 1581 his
1489 1557 1583 1593 quae
1605 1545 1702 1585 clieta

93 1594 191 1642 sunt,
217 1594 281 1632 sed
296 1593 519 1632 abstrusioris
534 1594 725 1636 cuiusdam
747 1604 922 1637 naturae3
962 1609 1004 1633 ea
1020 1597 1080 1643 cst,
1109 1607 1151 1634 ut
1171 1607 1318 1647 petatur
1349 1610 1615 1648 argumentum
1635 1602 1702 1640 hu-

92 1650 191 1698 jusce
209 1660 337 1687 motus
357 1651 403 1687 ab
423 1651 569 1687 oriente
586 1652 626 1686 in
643 1650 895 1697 occidentem,
925 1663 1040 1699 quem
1055 1654 1159 1700 aquis
1178 1652 1405 1700 astruximus,
1435 1666 1516 1692 non
1534 1655 1658 1694 solum
1680 1671 1701 1694 a

92 1705 276 1744 consensu
299 1706 397 1742 coeli
424 1705 483 1752 (de
507 1717 586 1753 quo
605 1705 681 1749 jam
706 1705 849 1741 dietum
875 1704 935 1753 est)
960 1707 1023 1743 ubi
1047 1705 1108 1743 iste
1131 1718 1259 1745 motus
1280 1709 1321 1745 in
1346 1709 1441 1746 flore
1457 1708 1506 1747 est
1527 1723 1570 1747 ac
1592 1711 1700 1748 forti-

89 1762 223 1800 tudine
242 1762 447 1810 praecipua,
477 1760 538 1797 sed
564 1761 677 1796 etiam
701 1772 720 1796 a
741 1770 850 1806 terra,
878 1762 943 1798 ubi
969 1764 1140 1812 protinus
1160 1763 1306 1801 videtur
1330 1763 1473 1811 cess'are,
1502 1766 1554 1802 ita
1577 1776 1618 1803 ut
1639 1767 1701 1804 ista

91 1817 292 1854 inclinatio
313 1814 383 1852 five
403 1825 530 1852 motus
554 1827 639 1851 vere
662 1812 704 1851 fit
728 1814 923 1862 eosmieus,
953 1827 1063 1864 atque
1087 1819 1218 1854 onmia
1242 1830 1261 1855 a
1287 1816 1436 1867 fastigiis
1460 1821 1559 1856 coeli
1584 1820 1700 1870 usquc

93 1872 139 1909 ad
164 1872 348 1908 interiora
375 1880 495 1907 terrae
522 1869 804 1907 transverberet.
861 1872 1111 1920 intelligimus
1140 1874 1245 1909 enim
1278 1872 1564 1912 conversionem
1594 1875 1698 1914 istam

87 1926 137 1964 'ab
159 1928 308 1964 oriente
334 1927 373 1961 in
389 1926 626 1962 occidentem
646 1924 725 1961 fieri
742 1924 881 1962 scilieet
907 1927 1248 1974 (quemadmodum
1268 1940 1394 1966 revera
1412 1930 1618 1979 invenitur)
1644 1931 1699 1969 su-

89 1993 156 2034 per
174 1983 286 2033 polos
310 1979 554 2017 australem&
578 1979 782 2017 borealem.
840 1979 1043 2018 Verissime
1069 1993 1194 2019 autem
1218 1983 1413 2032 diligentia
1433 1982 1605 2022 Gilbertz·
1627 1998 1697 2023 no-

88 2039 146 2075 bis
173 2037 248 2074 hoc
275 2036 435 2085 reperit3
465 2046 624 2072 omnem
652 2045 789 2071 terram
811 2037 847 2072 &
872 2047 1044 2074 naturam
1067 2038 1193 2085 (quam
1217 2039 1445 2088 appellamus
1471 2038 1693 2089 terrestrem)

85 2104 171 2130 non
191 2093 390 2129 delinitam
407 2090 467 2126 sed
494 2090 665 2139 rigidam,
695 2092 742 2136 &,
773 2091 904 2142 utipse
929 2092 1108 2140 loquitur,
1138 2093 1337 2139 robustam,
1367 2093 1502 2130 habere
1523 2095 1696 2133 direfflo-

86 2159 179 2186 nem
211 2145 283 2184 sive
310 2147 559 2183 vertieitatem
587 2146 780 2191 latentem,
832 2145 893 2183 sed
922 2157 1050 2184 tamen
1078 2159 1142 2196 per
1165 2149 1328 2196 plurima
1353 2147 1529 2197 exquisita
1557 2152 1695 2199 experi-

87 2212 218 2240 menta
241 2201 278 2238 se
299 2201 527 2251 prodentem
550 2199 672 2237 versus
695 2198 854 2238 austrum
876 2204 913 2238 ὅ(
935 2203 1099 2239 boream.
1154 2203 1286 2251 Atque
1308 2203 1404 2240 hanc
1424 2213 1552 2241 tamen
1572 2203 1696 2242 obser-

86 2259 281 2296 vationem
309 2258 420 2308 plane
445 2256 665 2301 minuimus,
703 2260 815 2303 atque
836 2258 886 2292 ita
906 2258 1143 2305 corrigimus,
1180 2268 1221 2294 ut
1246 2258 1321 2295 hoc
1346 2258 1519 2295 afferatur
1542 2269 1694 2297 tantum

85 2313 134 2350 de
156 2312 401 2350 exterioribus
416 2311 724 2348 concretionibus
748 2311 843 2346 circa
859 2310 1090 2359 superficiem
1113 2322 1245 2358 terrac,
1275 2314 1312 2348 δε
1335 2313 1496 2349 minime
1510 2314 1691 2362 produca-

87 2378 149 2406 tut
168 2367 214 2404 ad
228 2366 363 2404 viscera
377 2364 484 2416 ipsius
503 2375 641 2403 terrae:
673 2365 775 2411 (nam
795 2365 899 2412 quod
914 2375 1012 2402 terra
1031 2363 1073 2402 fit
1089 2378 1244 2414 magnes
1263 2365 1417 2403 interim
1432 2368 1504 2403 levi
1525 2370 1692 2407 omnino

86 2419 272 2473 phantasia
295 2432 483 2472 arreptum
508 2421 576 2460 est3
612 2419 692 2456 fieri
714 2418 816 2456 enim
835 2419 983 2468 prorsus
1009 2421 1152 2468 nequit,
1191 2430 1231 2458 ut
1253 2422 1434 2458 interiora
1454 2432 1571 2460 terrae
1596 2421 1692 2461 fimi-

87 2479 137 2515 lia
163 2476 234 2515 sint
260 2477 370 2514 alicui
402 2476 629 2521 substantiae,
674 2486 787 2523 quam
820 2476 952 2512 oculus
984 2474 1170 2512 humanus
1197 2476 1311 2522 videt,
1352 2473 1534 2524 siquidem
1562 2481 1694 2517 omnia

86 2533 184 2583 apud
207 2544 278 2569 nos
297 2544 317 2568 a
337 2530 414 2568 sole
433 2534 471 2568 ὅ(
495 2530 712 2567 coelestibus
735 2530 862 2575 laxata,
902 2530 1056 2576 subaes‘ta,
1094 2540 1156 2568 aut
1175 2530 1330 2567 iiifraCta
1353 2529 1436 2578 sint,
1472 2542 1514 2569 ut
1537 2545 1625 2571 cum
1650 2533 1692 2571 iis

84 2600 180 2637 quae
201 2589 318 2624 talem
343 2587 447 2622 natta
466 2585 550 2622 silut
569 2586 712 2631 locum,
742 2597 820 2633 quo
843 2586 896 2622 vis
919 2584 1134 2622 coelestium
1155 2597 1235 2622 non
1259 2596 1442 2637 penetret,
1471 2587 1691 2637 neutiquam

85 2642 299 2680 consentite
314 2637 489 2690 poss'1nt3)
519 2640 580 2676 sed
595 2640 699 2688 quod
714 2652 816 2676 nunc
833 2641 966 2689 agitur,
996 2639 1201 2689 superiores
1216 2641 1498 2679 incrustationes
1513 2640 1585 2681 five
1600 2656 1689 2681 con-

85 2699 272 2735 cretiones
291 2707 409 2734 terrae
432 2695 606 2731 videntur
625 2693 839 2731 consentire
861 2706 950 2731 cum
976 2693 1280 2732 conversionibus
1304 2697 1415 2743 coeli,
1444 2696 1547 2744 a'eris,
1575 2708 1687 2747 atque

85 2764 278 2802 aquarum,
315 2761 497 2800 quatenus
517 2747 749 2786 consistentia
775 2751 812 2786 ὃς
831 2749 1078 2787 determinata
1098 2762 1186 2787 cum
1211 2749 1361 2798 liquidis
1383 2753 1421 2789 &
1445 2751 1569 2789 fluidis
1596 2765 1684 2790 con—

85 2807 221 2845 sentire
243 2816 395 2855 queant,
425 2805 498 2842 boc
515 2804 564 2841 est
585 2816 665 2840 non
686 2814 726 2841 ut
742 2804 940 2842 volvantur
961 2804 1067 2856 super
1087 2806 1208 2856 polos,
1239 2805 1299 2842 sed
1323 2805 1532 2856 dirigantur
1553 2810 1590 2844 ὅ(
1609 2819 1686 2845 ver<

85 2872 211 2900 tantur
230 2861 353 2898 versus
374 2862 494 2910 polos.
552 2860 655 2895 Cum
679 2860 784 2896 enim
804 2860 845 2894 in
867 2860 977 2895 omni
997 2859 1080 2897 orbi
1104 2860 1277 2908 volubili,
1313 2862 1378 2910 qui
1399 2863 1556 2898 vertitur
1580 2861 1687 2912 super

87 2918 196 2965 polos
220 2926 353 2960 cert05‚
384 2927 505 2963 neque
527 2912 639 2950 habet
658 2923 810 2950 motum
834 2915 967 2959 centri,
983 2955 986 2958 ‚
1004 2912 1047 2950 sit
1071 2916 1307 2966 participatio
1327 2916 1508 2964 quaedam
1534 2926 1688 2953 naturae

87 2972 240 3007 mobilis
265 2973 302 3008 δε
328 2970 439 3009 fixac3
474 2967 667 3018 postquam
695 2979 761 3019 per
786 2977 957 3004 naturam
985 2966 1245 3006 consistentem
1273 2968 1344 3008 sive
1376 2969 1411 3006 se
1438 2969 1686 3007 determinan-

87 3035 180 3070 tctn,
215 3025 347 3074 ligatur
366 3026 482 3062 virtus
501 3023 701 3063 volvendi;
737 3031 865 3060 tamen
886 3033 1014 3060 manet
1039 3025 1076 3060 ὃ(
1103 3025 1324 3071 intenditur,
1363 3027 1399 3061 a&
1420 3025 1548 3061 unitur
1568 3026 1683 3062 virtus

86 3081 150 3116 illa
170 3081 206 3116 ὃ(
229 3081 410 3130 appetitus
428 3079 617 3128 dirigendi
637 3077 696 3117 se;
724 3087 766 3114 ut
785 3077 943 3115 direfflo
963 3080 999 3122 ὃ(
1021 3077 1206 3118 verticitas
1221 3081 1267 3130 ad
1286 3080 1396 3131 polos
1411 3077 1450 3114 in
1473 3077 1611 3127 rigidis,
1640 3078 1681 3115 fit

86 3134 219 3177 eadem
238 3145 293 3171 res
307 3145 395 3170 cum
412 3135 649 3179 :volubilitate
670 3132 775 3182 supet
790 3134 900 3182 polos
920 3134 960 3169 in
975 3132 1110 3171 fluidis.

140 3190 247 3228 VOL.
277 3189 321 3225 Π.
829 3187 864 3224 H
880 3188 905 3224 b.
1514 3187 1684 3225 SUPER-

1759 258 1851 303 ²41
