1973 3570
267 270 359 316 DE
400 267 1130 319 INTERPRETATIONE
1170 272 1542 322 NATURAE.

100 372 273 405 mentem
292 366 403 415 posse,
437 366 484 403 de
497 364 757 415 chymistarum
772 378 849 404 arte
871 365 940 405 five
962 367 1198 418 philosophia
1226 370 1362 412 taceri;
1389 371 1492 423 quod
1510 372 1544 408 sc
1559 371 1713 413 honoris

98 423 203 461 causa
223 420 364 458 feciss'e:
394 422 480 472 quia
495 433 583 458 cum
604 423 678 458 illis
693 421 949 472 philosophiis,
978 435 1071 471 quae
1092 425 1236 473 prorsus
1258 438 1415 473 operum
1440 425 1597 464 effoetac
1614 429 1710 477 iiiut,

97 478 328 525 conjungere
345 477 531 516 noluerit3
552 488 639 513 cum
654 475 729 525 ipsa
747 478 900 514 inventa
916 477 1058 515 nobilia
1069 491 1147 515 non
1159 492 1273 528 pauca
1283 480 1489 518 exhibuerit
1502 483 1536 518 S<
1547 482 1707 521 donarit.

97 532 244 571 Verum
259 531 425 568 fabulam
443 529 546 568 illam
572 529 610 568 in
627 530 723 582 hanc
738 541 854 568 artem
884 545 963 569 non
995 534 1094 569 male
1123 546 1344 583 congruere,
1374 536 1420 572 dc
1451 535 1546 582 sene,
1577 541 1641 584 qui
1670 540 1708 575 ti<

98 588 158 625 liis
185 598 317 623 aurum
334 587 373 622 in
389 584 494 622 vinea
514 586 698 623 defossum
719 584 807 636 (nec
833 585 914 624 satis
928 586 1018 624 scire
1041 600 1120 636 quo
1140 590 1243 637 loco)
1276 590 1450 638 legaverit
1462 608 1474 631 ‚-
1506 591 1605 628 unde
1624 594 1707 631 illos

100 642 145 679 ad
162 643 311 679 vincam
325 639 522 689 diligenter
540 639 760 677 fodiendam
776 641 897 679 versos
912 642 992 687 effe,
1022 644 1059 679 δε
1085 654 1216 681 aurum
1232 645 1387 692 quidem
1416 647 1565 683 nullum
1593 660 1710 698 reper-

98 704 194 743 tum,
224 695 284 732 sed
307 693 536 733 vindemiam
563 707 604 732 ea
633 697 777 733 cultura
799 696 933 734 factam
969 696 1191 735 uberiorem.
1253 698 1375 736 Simili
1400 699 1519 738 modo
1542 704 1575 738 δε
1608 703 1710 752 Chy-

96 750 194 788 miae
221 750 331 795 filios,
361 750 454 786 dum
479 762 610 787 aurum
641 748 728 800 (five
756 763 841 787 vere
869 750 939 788 sive
974 752 1087 800 secus)
1121 754 1305 791 defossum
1339 753 1505 793 invenire
1526 756 1706 806 latagunt,

94 805 289 843 movendo
314 807 349 841 ὃ(
373 805 598 853 experiendo
620 805 715 842 haud
738 817 851 855 parvo
872 806 1071 858 proventui
1100 808 1317 846 hominibus
1347 812 1382 847 &
1413 810 1561 849 utilitati
1589 811 1705 850 fuiss‘c.

99 862 172 898 Sed
200 859 355 897 illorum
381 861 532 897 inventa
558 873 638 897 non
658 860 731 897 alio
750 862 871 898 modo
904 873 972 899 nec
1004 861 1145 900 ratione
1175 863 1293 915 aliqua
1315 864 1485 913 meliore,
1515 878 1629 915 quam
1654 880 1707 904 ar-

96 915 192 953 tium
222 914 522 952 mechanicarum
547 914 725 964 principia
750 919 785 952 <Sc
809 918 1042 953 incrementa
1075 919 1242 969 coepiffc,
1273 919 1310 956 id
1340 921 1398 967 cst,
1428 933 1493 970 per
1518 924 1706 970 experien-

96 972 189 1008 tiam
212 981 366 1007 meram.
424 972 527 1007 Nam
557 970 831 1020 philosophiam
862 974 898 1008 &
922 971 1179 1022 speculativam
1209 987 1355 1022 corum,
1385 989 1466 1012 rem
1494 978 1620 1014 minus
1652 977 1702 1014 sa-

95 1037 186 1063 nam
202 1025 294 1066 effc5
325 1023 457 1071 &illis,
487 1026 534 1061 dc
558 1024 689 1076 quibus
713 1027 830 1062 locuti
851 1027 925 1071 jam
956 1026 1089 1071 sumus,
1118 1027 1440 1079 philol'ophiarum
1470 1030 1600 1068 fabulis
1633 1032 1698 1070 du-

96 1079 245 1117 riorem.
302 1080 512 1130 Utcunque
540 1079 640 1117 enim
662 1080 935 1131 principiorum
956 1083 1043 1117 trias
1073 1083 1269 1120 inventum
1304 1097 1386 1122 non
1410 1084 1542 1124 inutile
1570 1087 1697 1134 fucrit,

96 1135 157 1172 sed
187 1136 295 1172 rebus
323 1136 446 1182 aliqua
475 1147 516 1171 cx
545 1145 648 1186 parte
675 1134 901 1172 finitimum:
931 1146 1057 1173 tamen
1087 1136 1245 1174 maxima
1275 1151 1316 1175 ex
1339 1151 1454 1190 parte,
1483 1153 1547 1178 eos
1573 1144 1699 1190 paucis

96 1189 387 1227 destillationum
408 1191 669 1238 experimentis
693 1189 858 1236 ass'uetos,
888 1192 1018 1227 onmia
1042 1192 1081 1227 in
1102 1191 1347 1243 philosophia,
1376 1195 1421 1231 ad
1450 1194 1698 1244 separationes

96 1248 133 1283 ὅ(
155 1243 391 1281 liberationes
405 1244 577 1290 retulisse,
606 1256 775 1280 verarum
792 1247 1055 1282 alterationum
1076 1247 1227 1284 oblitos.
1283 1249 1390 1285 lllam
1406 1260 1533 1287 autem
1549 1252 1697 1300 opinio-

97 1302 154 1338 nis
171 1298 362 1344 fabricam,
390 1311 461 1349 qua
487 1300 602 1336 veluti
623 1297 693 1336 basi
715 1311 849 1336 eorum
879 1299 1112 1351 philolophia
1132 1301 1274 1349 nititur,
1302 1315 1438 1354 nempe
1461 1304 1699 1356 ess'equatuor

97 1366 221 1392 rerum
236 1354 405 1391 matrices
419 1351 489 1390 five
508 1355 706 1399 elementa,
735 1356 776 1391 in
791 1353 921 1403 quibus
937 1354 1076 1392 semin-a
1093 1358 1129 1392 C<
1158 1356 1291 1406 species
1316 1371 1443 1395 rerum
1466 1359 1590 1397 foetus
1613 1360 1698 1397 suos

97 1409 301 1455 absolvant,
330 1418 439 1459 atque
465 1407 556 1445 haec
585 1408 852 1457 quadriformia
875 1410 955 1456 effe,
983 1422 1053 1460 pro
1080 1410 1289 1449 differentia
1314 1414 1498 1451 nimirum
1525 1414 1702 1463 cujusque

98 1463 287 1510 elementi,
315 1463 410 1500 adeo
438 1473 479 1500 ut
506 1461 546 1500 in
565 1464 688 1510 coelo,
726 1466 820 1511 aere,
862 1477 968 1514 aqua,
1002 1476 1109 1512 terra,
1139 1466 1233 1503 nihil
1258 1466 1470 1506 inveniatur
1487 1470 1594 1518 quod
1618 1482 1701 1508 non

96 1520 228 1557 habeat
254 1521 294 1555 in
327 1518 445 1556 tribus
479 1517 629 1567 reliquis
668 1520 915 1568 conjugatum
945 1521 1097 1571 aliquod
1135 1523 1171 1558 ὃς
1199 1524 1440 1571 parallelum:
1481 1524 1566 1562 huic
1602 1535 1702 1562 certe

95 1572 338 1625 phantasticae
370 1585 498 1611 rerum
526 1574 753 1611 naturalium
783 1573 955 1626 phalangi
983 1574 1144 1626 peritum
1172 1588 1328 1614 naturae
1357 1580 1702 1629 contemplatorem

97 1628 155 1668 vix
175 1631 274 1666 inter
294 1627 438 1666 somnia
459 1628 519 1665 sua
546 1630 677 1666 locum
705 1629 892 1667 daturum.
949 1631 1084 1681 Neque
1107 1628 1298 1669 dissimiles
1326 1632 1394 1670 effe
1409 1645 1533 1671 rerum
1552 1634 1703 1672 harmo-

99 1683 190 1732 nias,
228 1696 323 1732 quae
349 1682 523 1722 naturalis
548 1683 694 1734 Magiae
724 1683 928 1722 cultoribus
956 1687 1176 1736 placuerunt
1186 1701 1196 1727 3
1225 1686 1287 1738 qui
1325 1690 1362 1725 ὃς
1390 1686 1454 1739 ipsi
1482 1701 1545 1738 per
1575 1701 1702 1727 rerum

98 1738 318 1790 sympathias
341 1741 378 1775 ὃ(
393 1738 613 1788 antipathias
631 1741 762 1776 omnia
786 1740 986 1789 expediunt
997 1758 1010 1782 ,-
1042 1743 1078 1777 &
1099 1753 1144 1778 ex
1168 1740 1292 1779 otiosis
1308 1744 1344 1779 ὅ(
1359 1740 1597 1793 supinissimis
1612 1757 1702 1781 con-

99 1793 257 1842 jesturis,
287 1794 394 1831 rebus
416 1795 570 1832 virtutes
601 1796 636 1832 &
656 1793 891 1845 operationes
913 1795 1147 1833 admirabiles
1174 1790 1372 1846 affingunt.
1428 1800 1573 1836 Verum
1594 1801 1631 1836 ὃ(
1658 1798 1703 1835 iis

100 1849 137 1887 se
151 1861 310 1899 parcere,
338 1849 442 1899 quod
464 1851 561 1886 inter
574 1860 633 1887 tot
655 1849 808 1897 fabulas,
836 1860 963 1887 tamen
985 1862 1098 1903 opera
1130 1852 1333 1903 aliquando
1360 1852 1576 1891 exhibeant:
1618 1852 1704 1891 licet

99 1917 143 1942 ea
165 1904 243 1942 fere
270 1902 483 1949 hujusmodi
499 1902 580 1951 fint,
610 1915 650 1942 ut
669 1905 715 1941 ad
730 1904 1017 1943 admirationem
1047 1908 1084 1943 ὃς
1109 1907 1328 1955 novitatem,
1355 1920 1439 1945 non
1466 1909 1511 1946 ad
1539 1909 1705 1946 fructum

101 1962 140 1997 ὃς
155 1961 357 1997 utilitatem
371 1960 615 1997 accomodata
629 1959 710 1996 fint.
767 1961 840 1997 Sed
855 1971 982 1998 tamen
997 1964 1034 1998 ὅς
1048 1961 1221 1999 novitatis
1235 1962 1336 1999 hunc
1354 1963 1462 2001 usum
1481 1965 1704 2016 plerumque

104 2014 186 2062 effe,
215 2025 257 2052 ut
284 2012 381 2051 sinus
410 2024 562 2051 naturae
584 2013 760 2052 nonnihil
783 2015 953 2063 excutiat,
990 2019 1027 2054 &
1056 2017 1138 2054 luce
1162 2017 1304 2064 saltem,
1333 2016 1360 2055 fi
1380 2015 1506 2055 minus
1529 2020 1624 2065 actu,
1651 2020 1707 2064 ju-

99 2079 175 2108 vet.
231 2070 357 2122 Qare
373 2067 490 2106 visum
519 2070 567 2107 est
587 2072 633 2117 ei,
662 2082 784 2118 neque
813 2072 853 2108 in
871 2069 1113 2119 Graecorum,
1143 2085 1267 2121 neque
1291 2074 1332 2109 in
1360 2085 1553 2111 novorum
1581 2072 1705 2111 homi-

103 2137 198 2162 num
218 2121 370 2176 placiti5‚
399 2136 522 2172 neque
537 2123 576 2161 in
594 2125 801 2174 alchymiae
821 2136 884 2163 aut
899 2126 1075 2164 naturalis
1098 2127 1238 2177 magiae
1266 2128 1532 2166 traditionibus
1564 2127 1704 2176 aliquid

104 2179 277 2226 inveniri,
306 2180 411 2229 quod
439 2180 485 2216 ad
519 2192 609 2231 opes
642 2180 823 2218 humanas
855 2182 1038 2228 majorem
1081 2181 1119 2219 in
1147 2183 1309 2220 modum
1343 2184 1529 2233 augendas
1556 2183 1704 2234 spectet.

104 2236 233 2283 Itaque
248 2235 337 2272 haec
352 2236 483 2271 omnia
504 2236 563 2272 vel
581 2234 766 2272 oblivioni
789 2236 1007 2274 devovenda
1021 2236 1102 2284 effe,
1132 2239 1189 2275 vel
1215 2239 1458 2289 popularibus
1481 2237 1604 2276 studiis
1627 2249 1706 2288 per-

108 2290 305 2336 mittenda,
326 2290 419 2326 dum
431 2289 514 2328 ‘veri
525 2289 757 2327 scientiarum
772 2290 838 2327 filii
858 2290 931 2327 alio
941 2292 1088 2328 cursum
1099 2291 1273 2341 dirigant.

163 2345 441 2382 COGITAVIT
467 2347 504 2382 ὃς
527 2346 632 2392 illud,
661 2344 774 2382 etiarn
800 2346 847 2382 de
866 2344 1230 2383 demonstrationum
1249 2345 1373 2383 modis
1391 2347 1616 2386 videndum:
1646 2347 1707 2384 de-

107 2398 395 2437 monstrationes
418 2399 521 2436 enim
549 2401 721 2451 potentia
747 2401 907 2448 quadam
936 2400 1213 2451 philosophiam
1241 2401 1330 2438 effe:
1359 2411 1470 2451 atque
1488 2413 1601 2452 prout
1622 2401 1710 2438 illae

108 2465 172 2492 aut
201 2455 319 2491 rectae
353 2464 415 2492 aut
436 2467 567 2506 pravae
588 2453 670 2502 sint,
713 2455 802 2492 inde
824 2456 1009 2492 doctrinas
1037 2455 1212 2504 perfee'tas
1245 2466 1307 2493 aut
1335 2457 1566 2509 imperfec'tas
1593 2457 1708 2505 sequi,

108 2510 303 2560 probabile
325 2509 405 2547 effe.
465 2509 665 2562 Comperit
686 2520 825 2557 autem,
853 2509 1200 2557 demonstrationes,
1238 2510 1390 2560 quaein
1418 2512 1486 2549 usu
1513 2512 1610 2560 sunt,
1639 2524 1712 2549 nec

108 2567 249 2617 plenas,
273 2575 342 2601 nec
362 2564 452 2601 fidas
478 2562 558 2601 effe.
614 2567 751 2613 Neque
779 2576 906 2602 tamen
931 2563 1088 2603 sensibus
1116 2567 1389 2615 derogandum,
1426 2568 1530 2616 quod
1556 2567 1711 2617 quidam

110 2620 291 2658 fecerunt.
349 2618 534 2656 Sensuum
549 2621 652 2656 enim
673 2632 814 2657 errores
842 2620 881 2657 in
904 2618 1053 2669 singulis
1079 2621 1125 2657 ad
1153 2620 1341 2658 summam
1371 2620 1604 2661 scientiarum
1627 2634 1710 2660 non

112 2676 280 2712 multum
298 2674 442 2714 faceres
471 2675 564 2722 quin
579 2677 615 2711 ὃ(
634 2675 680 2712 ab
693 2673 885 2713 intellectu
899 2673 1039 2712 fidelius
1063 2675 1283 2722 informato,
1312 2675 1449 2727 corrigi
1466 2678 1576 2729 poss'e.
1637 2677 1712 2715 Sed

113 2730 346 2767 intellectum
367 2728 483 2780 ipsum
510 2739 639 2765 natura
671 2729 748 2766 sola
775 2730 928 2776 fretum,
969 2728 1044 2766 fine
1078 2741 1156 2767 arte
1179 2733 1214 2768 &
1231 2730 1440 2782 disciplina,
1469 2733 1574 2770 rebus
1596 2732 1710 2782 impa-

114 2796 195 2822 rem
227 2786 262 2821 &
285 2783 486 2830 minorem,
523 2781 598 2820 sine
625 2785 862 2821 cunctatione
881 2783 1216 2836 pronuntiandum.
1271 2788 1408 2838 Neque
1438 2790 1540 2825 enim
1566 2798 1628 2825 aut
1659 2785 1710 2822 ita

116 2851 284 2890 capacem
312 2838 393 2885 effe,
421 2849 462 2876 ut
484 2837 725 2887 omnigenam
741 2839 1014 2888 particularium
1042 2839 1308 2890 supellectilem
1322 2842 1369 2879 ad
1396 2842 1709 2880 informationem

117 2893 349 2931 neeessariam
370 2895 568 2944 recipiat&
583 2893 764 2944 disponat,
795 2906 918 2942 neque
937 2896 989 2932 ita
1008 2907 1166 2933 vacuum
1182 2898 1218 2933 ὃ(
1233 2908 1382 2945 purum,
1412 2908 1452 2935 ut
1475 2908 1596 2934 rerum
1622 2895 1712 2932 ima—

117 2947 220 2997 gines
233 2951 385 2985 veras&
404 2950 555 2995 nativas,
583 2948 718 2996 absque
738 2947 973 2998 phantasia&
1001 2950 1164 2987 tinctura
1190 2952 1375 2989 admittat.
1434 2953 1538 3003 Quin
1566 2946 1716 2987 certissi-

119 3015 228 3039 mum
245 3003 326 3049 effe,
353 3013 436 3040 tum
468 3004 691 3052 generaliter
718 3014 888 3040 mentem
914 3003 1119 3041 humanam
1141 3004 1245 3043 instar
1264 3005 1400 3058 speculi
1423 3004 1622 3054 inaequalis
1636 3005 1717 3052 effe,

121 3069 215 3106 quae
230 3069 354 3093 rerum
373 3058 494 3095 radios
514 3058 716 3095 secundum
732 3057 901 3110 propriae
919 3058 1086 3097 scitionis
1113 3061 1280 3110 angulos,
1310 3063 1348 3098 ὃς
1363 3072 1444 3098 non
1465 3061 1505 3096 in
1533 3059 1720 3112 superficie

122 3113 230 3163 plana
254 3110 417 3163 suscipiat
433 3115 470 3149 ὃ(
498 3112 678 3150 reflectat:
707 3123 789 3150 tum
813 3115 925 3151 etiam
956 3115 1091 3163 cuique
1119 3127 1161 3152 cx
1177 3116 1412 3161 educatione,
1442 3112 1579 3162 studiis,
1607 3117 1720 3152 &na-

124 3177 204 3203 tura
221 3165 293 3212 sua,
321 3169 399 3204 vim
419 3167 607 3217 quandam
631 3167 889 3218 seductoriam,
919 3168 1069 3220 &quasi
1085 3171 1325 3209 Dacmonem
1342 3169 1564 3207 familiarem
1593 3168 1721 3214 adesse,

175 3220 343 3269 VOL.H.
893 3224 993 3262 Mm
1024 3235 1045 3261 2
1647 3225 1712 3275 qui
