1973 3570
119 231 217 280 232
463 210 562 258 DE
611 198 1651 256 SECTIONECORPORUM.

257 306 354 346 dunt
376 306 520 354 utique,
551 304 611 343 sed
632 302 864 355 progressum
887 301 993 340 suum
1014 301 1156 338 faciunt
1180 301 1222 337 in
1236 301 1346 337 lineis
1369 299 1572 349 spiralibus,
1602 301 1675 339 hoe
1691 300 1750 349 est,
1780 315 1863 352 pro-

257 362 432 402 cedendo
446 363 482 398 &
494 360 670 398 rotando.
729 358 861 407 Atque
876 368 975 394 certe
988 358 1017 394 is
1030 366 1156 392 motus
1169 354 1318 404 spirans,
1345 366 1431 391 cum
1444 365 1522 392 tam
1534 354 1575 392 sit
1587 358 1800 408 rapidusj&
1810 361 1866 396 ni·

261 418 472 457 hilominus
491 426 570 453 tam
584 414 787 466 expeditus,
816 415 854 450 &
872 413 980 449 rebus
1000 410 1290 460 quodammodo
1304 410 1508 457 familiaris,
1539 411 1650 448 nobis
1670 412 1868 451 dubitatio-

265 484 357 511 nem
374 472 508 518 movit,
538 481 633 508 num
647 469 747 506 forte
768 480 810 505 ex
825 466 957 505 altiore
971 466 1158 516 principio
1178 477 1259 502 non
1286 466 1476 514 penderet.
1534 466 1606 503 Sed
1626 466 1870 507 existimamus

264 540 349 566 non
377 528 488 563 aliam
513 524 657 563 causam
685 524 773 561 huic
795 524 848 560 rei
876 521 1026 569 subess'e,
1063 532 1177 569 quam
1206 521 1364 557 eandem
1393 532 1507 569 quam
1530 533 1632 559 nunc
1660 524 1878 562 tractamus:

266 585 448 630 Namque
481 580 641 630 pressura
668 579 839 628 corporis
871 577 1014 614 affatim
1043 586 1195 613 motum
1230 577 1269 612 in
1298 576 1463 627 partibus
1490 574 1561 613 sive
1591 579 1763 615 minutiis
1794 580 1872 625 eius

268 639 415 684 excitat,
444 646 484 673 ut
512 635 546 672 se
561 646 784 684 quacunque
798 634 856 670 via
870 632 1067 682 expediant
1083 634 1120 669 ὃ(
1135 631 1307 668 liberent.
1364 632 1492 679 Itaque
1507 643 1641 681 corpus
1656 645 1737 671 non
1751 633 1875 672 solum

268 694 313 730 in
329 691 426 729 linea
445 691 543 728 recia
558 692 681 739 agitur
699 691 736 726 δ(
750 689 936 738 provolat,
965 686 1027 724 sed
1042 687 1291 734 undequaque
1307 687 1505 736 experitur,
1535 698 1644 735 atquc
1661 689 1749 726 ideo
1767 689 1804 730 se
1820 703 1878 728 ro-

269 757 348 788 tat3
376 756 540 794 utroque
555 746 660 782 enim
680 744 802 780 modo
822 742 868 779 ad
885 742 920 779 se
939 742 1140 780 laxandum
1161 742 1340 779 nonnihil
1356 741 1516 792 proficit.
1572 743 1702 791 Atque
1715 743 1754 781 in
1770 747 1880 784 rebus

268 801 400 840 solidis
415 800 549 837 subtile
569 798 749 847 quiddam
765 800 803 835 ὃ(
817 797 989 834 abditum
1004 811 1012 833 ε
1043 798 1082 833 in
1098 796 1279 833 mollibus
1291 795 1440 834 evidens
1455 799 1492 834 ὅ(
1507 796 1605 845 quasi
1619 800 1803 849 palpabile
1819 800 1878 838 est.

270 859 377 897 Nam
403 864 444 892 ut
468 866 552 891 cera
574 855 633 891 vel
648 852 864 904 plumbum,
893 854 930 889 ὅ(
952 850 1169 897 hujusmodi
1194 852 1340 898 mollia,
1369 853 1510 888 malleo
1526 854 1698 901 percuss'a,
1728 855 1880 903 cedunt,

276 923 359 949 non
373 920 521 948 tantum
538 910 578 945 in
593 908 791 953 dire-stum,
819 905 880 943 sed
896 908 933 943 ὅ(
948 908 989 943 in
1004 908 1130 953 latera,
1158 906 1428 954 undequaque:
1458 909 1596 947 codem
1611 909 1784 948 modo&
1801 923 1882 948 cor-

272 978 367 1019 pora
389 965 481 1002 dura
499 961 572 1001 sive
595 963 797 1000 renitentia
811 961 963 1011 fugiunt
985 963 1022 999 ὅ(
1037 962 1077 998 in
1102 962 1198 998 reeta
1222 963 1320 999 linea
1341 964 1377 998 ὅ(
1397 963 1437 998 in
1460 963 1630 1006 circuitu.
1689 961 1822 1002 Cessio
1845 979 1881 1003 e-

272 1023 357 1058 nim
380 1019 583 1069 corporalis
604 1020 647 1055 in
666 1017 859 1064 mollibus,
887 1019 924 1054 ὃ(
945 1017 1074 1055 localis
1097 1018 1138 1054 in
1160 1017 1275 1061 duris,
1305 1018 1453 1054 ratione
1476 1019 1710 1056 conveniunt
1723 1034 1732 1061 3
1770 1030 1885 1069 atque

272 1077 316 1114 in
341 1075 511 1126 corporis
537 1073 666 1110 mollis
690 1071 976 1119 efformatione,
1013 1073 1184 1123 corporis
1203 1072 1284 1109 duri
1306 1068 1436 1123 pastio,
1475 1084 1563 1109 eum
1589 1072 1686 1122 fugit
1712 1077 1749 1112 δε
1767 1077 1883 1123 volat,

272 1132 422 1181 optime
438 1127 679 1177 conspicitur.
736 1128 896 1165 Interim
917 1139 1036 1164 nemo
1051 1127 1232 1164 existimet
1257 1140 1327 1164 nos
1341 1138 1487 1176 praeter
1502 1138 1654 1165 motum
1676 1127 1786 1167 istum
1805 1131 1885 1180 (qui

274 1195 385 1235 caput
411 1185 463 1222 rei
482 1182 543 1232 est)
569 1195 651 1220 non
676 1183 792 1220 etiam
815 1183 955 1231 aliquas
976 1192 1097 1233 partes
1120 1183 1194 1219 aeri
1216 1182 1416 1219 devehenti
1440 1183 1616 1228 tribuere,
1646 1186 1710 1232 qui
1733 1195 1888 1224 motum

276 1240 525 1294 principalem
552 1238 737 1285 adjuvare,
774 1238 971 1287 impedire,
1007 1237 1167 1284 flectere,
1205 1249 1333 1286 regere
1359 1233 1484 1288 poffit.
1541 1240 1644 1276 Nam
1669 1242 1705 1276 ὅ(
1730 1241 1808 1286 ejus
1833 1243 1889 1278 rei
1940 1270 1945 1276 .

275 1295 434 1348 potestas
449 1293 497 1331 est
511 1305 593 1331 non
607 1305 729 1345 parva.
783 1292 914 1342 Atque
930 1293 1020 1329 haec
1034 1303 1161 1330 motus
1181 1294 1340 1330 violenti
1362 1291 1432 1331 sive
1447 1293 1656 1331 mechanici
1674 1294 1753 1343 (qui
1767 1296 1889 1338 adhuc

281 1351 406 1398 latuit)
429 1349 628 1399 explicatio
642 1348 758 1387 veluti
774 1347 861 1386 fons
880 1348 1035 1397 quidam
1049 1347 1228 1398 practicae
1243 1345 1303 1384 est.
1889 1366 1893 1370 -

281 1456 322 1494 9.
338 1442 414 1484 ‘De
424 1442 538 1495 causc'z
549 1449 677 1481 motus
688 1442 730 1480 in
745 1440 951 1479 tormentis
962 1440 1101 1492 {gnere
1122 1438 1226 1493 quod
1232 1452 1282 1478 ex
1288 1446 1406 1492 parte
1419 1446 1587 1488 tantum,
1607 1453 1677 1481 nec
1688 1454 1734 1480 ea
1739 1444 1894 1496 potiore

962 1492 1216 1548 inquifitastt.

336 1573 738 1609 TORMENTORUM
760 1570 963 1618 igneorum
983 1567 1100 1614 causa,
1130 1570 1167 1606 &
1187 1578 1314 1607 motus
1336 1579 1415 1607 tam
1438 1572 1604 1622 potentis
1619 1574 1657 1609 ὅ(
1676 1572 1817 1610 nobilis
1836 1585 1896 1610 ex-

282 1624 447 1678 plicatio,
476 1636 609 1662 manca
631 1623 692 1670 est,
721 1627 759 1661 &
781 1637 824 1662 ex
844 1634 949 1676 parte
968 1626 1120 1675 potiore
1144 1623 1279 1661 deficit.
1335 1625 1459 1663 Aiunt
1484 1625 1585 1663 enim
1606 1628 1800 1677 pulverem
1819 1638 1898 1665 tor-

284 1680 527 1727 mentarium,
564 1678 759 1731 postquam
784 1681 825 1717 in
848 1679 1043 1717 flammam
1068 1678 1269 1717 conversus
1289 1677 1330 1717 sit
1352 1682 1389 1717 ὅ(
1414 1691 1644 1729 extenuatuS,
1683 1681 1718 1719 se
1742 1683 1899 1720 dilatare

285 1739 325 1775 ἃ
347 1737 466 1782 majus
490 1734 650 1786 spatium
675 1746 880 1784 occupare:
912 1735 1013 1772 unde
1035 1734 1152 1783 sequi,
1182 1747 1231 1772 ne
1255 1734 1333 1772 duo
1356 1747 1516 1787 corpora
1537 1738 1577 1773 in
1599 1749 1680 1774 uno
1703 1739 1793 1775 loco
1815 1736 1899 1786 sint,

287 1801 353 1830 aut
380 1788 660 1828 dimensionum
687 1791 901 1841 penetratio
925 1789 1000 1837 fiat,
1037 1800 1100 1827 aut
1121 1789 1245 1827 forma
1268 1790 1449 1828 elementi
1474 1791 1690 1839 destruatur,
1727 1803 1789 1831 aut
1814 1791 1901 1830 fitus

287 1848 455 1898 partium
482 1855 627 1894 praeter
656 1855 828 1883 naturam
861 1846 980 1882 totius
1009 1842 1051 1882 sit
1087 1845 1190 1891 (haec
1218 1847 1323 1882 enim
1352 1846 1543 1895 dicuntur)
1574 1850 1756 1897 corporis,
1795 1848 1903 1897 quod

290 1900 410 1940 obstat
430 1898 685 1952 expulsionem
703 1901 763 1939 vel
781 1899 1054 1938 effraffionem.
1113 1902 1249 1949 Neque
1269 1900 1365 1938 nihil
1386 1901 1446 1948 est,
1475 1902 1580 1950 quod
1599 1902 1743 1941 dicunt.
1798 1905 1905 1942 Nam

292 1959 332 1995 ὃς
354 1957 417 1993 iste
440 1956 636 2005 appetitus,
674 1958 711 1993 ὅ(
734 1957 912 1992 materiae
931 1952 1063 2005 passio,
1102 1954 1367 2001 &hujusmodi
1387 1966 1515 1994 motus
1537 1969 1619 2009 pars
1639 1959 1771 2007 aliqua.
1830 1958 1905 1996 Sed

291 2011 545 2049 nihilominus
569 2012 610 2047 in
630 2010 705 2048 hoc
727 2021 895 2060 peccant,
931 2011 1037 2059 quod
1060 2010 1106 2047 ad.
1128 2007 1385 2048 ncceffitatem
1408 2011 1512 2049 istam
1535 2014 1704 2064 corporis
1726 2012 1906 2051 dilatandi

295 2078 376 2104 rem
400 2077 647 2116 praepropera
662 2067 896 2115 cogitatione
918 2066 1122 2112 deducunt,
1151 2078 1274 2115 neque
1297 2067 1402 2115 quod
1417 2078 1548 2105 natura
1570 2070 1671 2119 prius
1695 2067 1754 2116 est,
1783 2067 1907 2106 distin-

294 2122 354 2158 ste
376 2118 623 2158 considerant.
680 2123 784 2159 Nam
808 2131 849 2157 ut
873 2133 1009 2172 corpus
1029 2122 1203 2172 pulveris,
1240 2121 1434 2171 postquam
1463 2125 1503 2159 in
1525 2123 1718 2159 flammam
1741 2133 1907 2161 mutatus

296 2175 358 2223 est,
389 2176 573 2221 majorem
588 2176 720 2213 locum
737 2185 909 2226 occupet,
937 2172 1195 2213 necessitatem
1217 2176 1302 2213 sane
1317 2176 1447 2218 habet;
1477 2188 1518 2214 ut
1533 2187 1659 2215 autem
1680 2190 1815 2229 corpus
1829 2181 1909 2230 pul-

298 2232 397 2269 veris
412 2230 683 2277 inflammetur,
713 2231 827 2279 idque
841 2241 920 2268 tam
942 2231 1080 2280 rapide,
1109 2232 1149 2268 id
1163 2230 1273 2268 simili
1292 2228 1505 2269 necestitate
1520 2245 1601 2269 non
1622 2234 1910 2284 constringitur-3

300 2286 362 2324 sed
386 2298 429 2322 ex
455 2285 702 2335 praecedente
725 2296 905 2323 motuum
931 2285 1111 2323 conflictu
1137 2288 1174 2324 ὃ(
1199 2289 1483 2338 comparatione
1506 2288 1656 2337 pendet.
1715 2290 1818 2327 Nam
1836 2289 1911 2327 *du-

303 2340 409 2378 bium
430 2353 512 2378 non
538 2340 599 2387 est,
628 2342 722 2389 quin
737 2352 872 2391 corpus
894 2341 989 2378 illud
1005 2341 1169 2379 solidum
1193 2345 1229 2379 &
1243 2354 1365 2392 grave,
1395 2342 1500 2390 quod
1522 2354 1587 2392 per
1601 2343 1816 2390 hujusmodi
1830 2356 1912 2382 mo-

305 2406 391 2433 tum
406 2396 624 2442 extruditur,
644 2398 704 2433 vel
718 2406 948 2443 removetur,
970 2406 1171 2445 antequam
1186 2398 1305 2444 cedat,
1334 2397 1465 2434 sedulo
1480 2398 1693 2436 obnitatur:
1722 2400 1759 2436 ὅ(
1773 2397 1800 2436 fi
1812 2399 1914 2437 forte

306 2450 493 2488 robustius
516 2449 571 2498 fit,
600 2452 757 2489 victoria
776 2452 964 2502 potiatur3
1002 2451 1042 2488 id
1064 2451 1114 2488 est
1136 2462 1177 2489 ut
1196 2464 1279 2489 non
1300 2451 1453 2489 flamma
1472 2453 1632 2502 globum
1655 2455 1824 2504 expellat,
1852 2454 1916 2492 sed

305 2506 443 2554 globus
467 2505 661 2543 flammam
685 2505 855 2544 suffocet.
910 2508 1040 2555 Itaque
1063 2504 1089 2544 fi
1115 2508 1206 2544 loco
1227 2508 1388 2558 pulveris
1412 2510 1666 2556 tormentarii,
1702 2508 1919 2559 sulphurem

307 2561 369 2598 vel
396 2559 597 2609 caphuram
624 2562 682 2599 vel
711 2559 843 2599 similia
871 2563 1037 2614 accipias,
1077 2574 1172 2612 quae
1200 2562 1393 2599 flammam
1424 2565 1461 2600 ὃ(
1487 2563 1563 2613 ipsa
1586 2565 1666 2601 cito
1692 2565 1916 2615 corripiunt,

311 2617 351 2652 ὅς
373 2614 473 2662 (quia
496 2627 704 2668 corporum
732 2618 946 2668 compactio
970 2617 1263 2655 inflammationi
1286 2618 1565 2669 impedimento
1589 2618 1651 2667 est)
1678 2631 1719 2656 ea
1739 2621 1779 2656 in
1801 2631 1918 2670 grana

313 2670 488 2719 pulveris,
524 2671 674 2709 admista
694 2672 831 2709 cineris
853 2671 1013 2722 juniperi
1033 2674 1091 2711 vel
1115 2673 1269 2718 alicujus
1292 2674 1386 2722 ligni
1412 2675 1574 2710 maxime
1602 2673 1831 2712 combustilis
1853 2676 1917 2715 ali-

314 2737 389 2773 qua
414 2725 603 2774 portione,
642 2726 843 2768 efformes3
871 2737 1001 2764 tamen
1026 2726 1066 2775 (si
1090 2729 1234 2766 nitrum
1257 2726 1360 2776 absit)
1386 2739 1514 2766 motus
1538 2729 1601 2765 iste
1625 2729 1771 2780 rapidus
1793 2732 1831 2768 δ(
1852 2742 1918 2780 po-

314 2790 399 2817 tens
419 2791 500 2816 non
520 2778 706 2827 sequitur:
734 2781 795 2819 sed
821 2792 947 2820 motus
967 2783 1013 2820 ad
1036 2783 1392 2831 inflammationem,
1421 2796 1441 2821 a
1464 2784 1566 2821 mole
1590 2786 1739 2832 coporis
1757 2786 1920 2822 reniten-

316 2833 376 2881 tis,
412 2834 617 2885 impeditur
641 2838 678 2872 ὃ(
703 2835 991 2887 constringitur3
1028 2850 1100 2875 nec
1125 2838 1160 2876 se
1184 2840 1341 2890 explieat
1366 2848 1427 2876 aut
1456 2838 1500 2875 ad
1526 2837 1698 2875 effectum
1725 2841 1918 2892 pertingit.

318 2890 394 2927 Rei
418 2899 544 2926 autem
567 2891 699 2926 veritas
725 2889 770 2928 sic
791 2892 827 2929 se
852 2892 974 2930 habet.
1031 2894 1189 2931 Motum
1214 2894 1322 2931 istum
1342 2893 1388 2930 de
1414 2904 1492 2942 quo
1519 2895 1721 2941 quaeritur,
1757 2895 1921 2945 gemina-

323 2954 407 2981 tum
430 2947 466 2981 ὅ(
487 2941 737 2993 compositum
758 2946 925 2996 reperias.
982 2948 1085 2986 Nam
1105 2959 1249 3000 praeter
1269 2958 1421 2985 motum
1446 2947 1768 2996 inflammationis,
1796 2951 1861 2998 qui
1882 2951 1921 2987 in

322 2998 519 3048 sulphurea
541 3000 701 3049 pulveris
719 3011 821 3049 parte
846 3003 1010 3040 maxime
1023 3004 1136 3052 viget,
1165 3002 1282 3041 subest
1299 3005 1390 3040 alius
1405 3004 1522 3051 magis
1541 3003 1650 3039 fortis
1666 3006 1701 3041 ὃ(
1722 3004 1920 3043 violentus.

321 3054 355 3090 Is
378 3054 420 3090 fit
441 3066 460 3090 a
485 3054 615 3103 spiritu
629 3055 748 3092 crudo
770 3057 807 3092 ὃ(
821 3068 955 3103 aqueo,
984 3058 1049 3105 qui
1073 3070 1116 3095 ex
1130 3060 1236 3096 nitro
1257 3056 1427 3103 maxime,
1458 3059 1494 3094 ὅ(
1516 3058 1696 3095 nonnihil
1715 3071 1735 3096 a
1759 3059 1923 3098 carbone
1962 3055 1964 3058 ’

321 3108 439 3148 salicis
456 3110 681 3160 concipitur,
710 3112 775 3160 qui
799 3109 926 3160 &ipse
949 3112 1170 3163 expanditur
1185 3123 1286 3152 certe
1310 3112 1365 3161 (ut
1381 3123 1535 3163 vapores
1561 3112 1713 3152 subdito
1728 3116 1852 3152 calore
1869 3114 1923 3151 so-

1831 3170 1924 3219 lent)
