1973 3570
622 188 1179 235 PRAEFATIO.

91 293 129 331 se
157 289 364 340 utilissima,
394 292 455 330 sed
471 293 558 341 quia
574 294 803 330 naturalium
818 288 986 329 fidiss'nni
1004 294 1237 341 interpretes.
1297 294 1406 331 Num
1424 294 1521 332 sorte
1539 296 1708 347 fulguri&

90 359 154 387 aut
178 350 282 386 iridis
305 360 480 386 naturam
502 358 581 385 tam
610 349 708 385 clare
736 347 945 397 explicasset
969 348 1179 396 quisquam,
1211 358 1414 397 antequam
1436 363 1499 398 per
1516 341 1709 394 tormenta

89 405 225 442 bellica
253 414 315 442 aut
340 403 537 441 artificiosa
558 404 698 440 iridum
725 403 831 453 super
852 405 1035 453 parietem
1059 402 1289 451 simulachra,
1325 405 1517 454 utriusque
1537 410 1633 445 ratio
1649 411 1709 447 de-

88 460 293 497 monstrata
309 459 395 497 ess'et
412 463 422 495 ἓ
464 459 581 511 Qiod
597 457 622 496 si
637 459 831 497 causarum
851 459 916 496 fidi
934 461 1167 508 interpretes,
1199 461 1313 496 etiam
1330 460 1554 498 effestorum
1571 466 1608 500 δε
1623 477 1709 514 ope-

87 527 174 553 rum
190 518 282 552 certi
299 518 336 553 &
352 515 479 552 felices
495 515 638 551 indices
653 525 776 551 erunt.
838 516 974 562 Neque
989 524 1119 552 tamen
1143 515 1443 552 consentaneum
1459 528 1633 565 putamus
1663 534 1706 558 ex

85 572 225 620 triplici
249 571 312 608 ista
340 572 546 620 partitione
572 569 765 607 historiam
789 569 954 607 nostram
977 570 1188 617 distrahere,
1226 581 1267 607 ut
1292 569 1433 619 singula
1462 571 1613 610 seorsim
1638 585 1709 612 tra-

86 627 249 672 Ctentur,
281 626 342 663 sed
361 637 499 675 genera
516 625 591 676 ipsa
606 625 860 672 miscebimus,
890 626 1076 663 naturalia
1096 626 1360 672 artificialibus,
1391 627 1569 665 consueta
1593 630 1709 667 admi>-

85 681 211 719 randis
226 682 486 731 adjungentCS,
516 691 627 729 atque
643 677 848 718 utiliffimis
863 680 1073 729 quibusque
1088 683 1252 718 maxime
1272 682 1521 720 inhaerentes.

135 737 203 774 AT
214 749 306 788 QUE
327 749 346 773 a
361 736 634 786 phaenomenis
650 736 809 773 aetheris
831 736 951 774 ordiri
968 736 1162 774 solennius
1177 737 1287 774 foret.
1344 739 1431 776 Nos
1447 749 1573 776 autem
1589 742 1643 777 nil
1660 742 1706 778 de

82 791 277 830 severitate
301 792 459 829 instituti
483 792 599 828 nostri
623 793 873 839 remittentes,
903 804 945 829 ea
968 792 1232 839 anteferemus,
1261 805 1356 841 quae
1383 804 1556 831 naturam
1573 797 1705 833 consti-

81 857 195 885 tuunt
227 850 265 886 ὃς
295 847 463 885 referunt
492 848 610 896 magis
639 859 902 894 communem,
945 849 1048 894 cujus
1076 858 1235 897 uterque
1263 849 1399 897 globus
1428 850 1476 886 est
1509 852 1703 901 particeps.

80 903 291 941 Ordiemur
314 915 406 941 vero
435 903 481 940 ab
498 902 648 939 historia
671 915 881 952 corporimi
897 901 1103 940 secundum
1120 915 1203 940 eam
1219 903 1475 941 differentiam
1492 918 1587 953 quae
1602 908 1701 944 vide-

79 968 142 996 tur
155 955 450 1008 simpliciffima3
481 971 522 995 ea
546 958 594 994 est
613 959 721 1007 copia
737 968 799 994 aut
823 959 986 1006 paucitas
1009 960 1189 994 materiae
1214 961 1311 995 intra
1335 960 1439 996 idem
1455 959 1615 1009 spatium
1630 960 1703 1000 five

79 1014 242 1051 eandem
257 1013 648 1063 circumscriptionem
665 1022 869 1049 contentae
885 1014 923 1049 ὃ(
944 1013 1207 1061 exporrectaes
1238 1025 1327 1050 nam
1348 1026 1436 1051 cum
1460 1027 1507 1052 ex
1536 1028 1704 1065 pronun—

78 1071 179 1107 tiatis
198 1069 245 1107 de
269 1080 402 1107 natura
425 1069 481 1105 nil
503 1069 626 1106 verius
646 1065 687 1104 sit
711 1079 826 1116 quam
841 1065 1052 1117 propositio
1068 1068 1131 1103 illa
1146 1068 1319 1116 gemella,
1349 1066 1422 1105 Ex
1451 1068 1573 1107 mhilo
1598 1071 1706 1111 nihil

67 1121 176 1175 fieri,
207 1136 327 1178 neque
356 1123 562 1177 quicquam
589 1122 631 1160 in
645 1120 812 1160 nihilum
835 1120 970 1175 redtgi,
1000 1122 1062 1159 sed
1080 1129 1269 1175 quantum
1287 1121 1408 1174 ipsl'tm
1423 1132 1599 1172 naturae,
1628 1126 1701 1166 sne

79 1180 269 1218 materiae
282 1178 477 1231 fitmmam
495 1176 767 1230 universidem,
797 1188 982 1228 perpetuo
996 1190 1150 1215 manere
1166 1180 1203 1215 ὃς
1219 1178 1397 1225 constare,
1429 1181 1466 1216 &
1480 1183 1703 1230 neutiquam

75 1237 203 1285 augeri
222 1246 285 1273 aut
301 1236 436 1272 minui.
493 1235 619 1271 Etiam
643 1234 738 1271 illud
761 1246 844 1271 non
869 1235 998 1271 minus
1022 1245 1182 1281 certum,
1211 1231 1356 1271 tametfi
1372 1247 1455 1272 non
1470 1246 1548 1272 tam
1563 1237 1699 1287 perspi-

74 1303 146 1329 cue
167 1301 344 1328 notatum
369 1300 431 1328 aut
456 1289 630 1327 ass'ertum
655 1287 720 1330 fit3
753 1290 949 1338 (quicquid
975 1289 1152 1327 homines
1175 1290 1222 1326 de
1246 1291 1418 1339 potentia
1434 1293 1613 1329 materiae
1643 1306 1700 1331 ae-

75 1347 218 1395 quabili
235 1346 280 1383 ad
296 1347 438 1383 formas
453 1345 671 1383 fabulentur
687 1347 710 1393 3)
743 1357 785 1382 ex
802 1355 947 1393 quanto
963 1347 1034 1383 illo
1056 1347 1235 1382 materiae
1251 1344 1317 1382 sub
1341 1345 1473 1383 iisdem
1492 1347 1700 1397 spatiorum

73 1400 374 1440 dimensionibus
398 1402 480 1451 plus
506 1403 543 1438 ὃ(
566 1402 693 1438 minus
718 1402 922 1448 contineri,
960 1413 1031 1450 pro
1052 1413 1261 1452 corporum
1281 1399 1492 1439 diversitate
1521 1415 1541 1440 a
1564 1405 1701 1451 quibus

73 1468 321 1507 occupantur,
349 1468 516 1507 quorum
531 1458 602 1494 alia
628 1458 747 1506 magis
773 1457 979 1507 compacia,
1010 1458 1081 1493 alia
1106 1459 1225 1506 magis
1249 1456 1396 1494 extensa
1423 1455 1494 1496 sive
1522 1458 1600 1496 fusa
1628 1463 1700 1498 evi-

71 1509 293 1550 dentiffime
308 1514 558 1563 reperiuntur.
615 1514 755 1561 Neque
778 1514 883 1549 enim
906 1524 1036 1562 parem
1052 1514 1230 1550 materiae
1245 1514 1469 1562 portionem
1485 1516 1619 1564 recipit
1634 1528 1697 1554 vas

72 1578 138 1606 aut
161 1581 373 1606 concavum
397 1581 492 1617 aqua
515 1570 553 1605 δε
575 1570 659 1606 aere
680 1569 904 1617 impletum3
934 1567 997 1605 sed
1020 1569 1115 1606 illud
1138 1569 1233 1618 plus,
1264 1568 1356 1606 istud
1376 1571 1513 1607 minus.
1570 1572 1700 1619 Itaque

72 1621 101 1660 si
129 1625 212 1672 quis
242 1624 380 1672 afferat,
418 1636 460 1661 ex
490 1626 569 1674 pari
598 1625 692 1661 aeris
721 1633 921 1669 contento,
960 1636 1024 1673 par
1047 1636 1164 1672 aquae
1187 1634 1417 1662 contentum
1441 1621 1539 1662 effici
1568 1627 1696 1674 posses

71 1679 175 1716 idem
202 1679 252 1717 est
271 1692 313 1717 ac
336 1677 362 1716 fi
384 1680 484 1717 dicat
504 1680 647 1728 aliquid
672 1678 752 1716 fieri
775 1679 877 1730 poss'e
899 1691 942 1716 ex
965 1679 1102 1716 nihilo.
1160 1681 1265 1718 Nam
1290 1680 1394 1728 quod
1418 1680 1536 1717 decfl'e
1563 1680 1697 1730 suppo-

70 1737 176 1773 nitur
196 1748 240 1772 ex
262 1737 429 1782 materia,
459 1735 499 1772 id
520 1748 564 1772 ex
587 1735 712 1772 nihilo
727 1734 889 1785 suppleri
909 1734 1052 1771 necesse
1072 1735 1184 1772 foret.
1242 1735 1386 1773 Rursus
1406 1733 1431 1772 si
1455 1737 1538 1783 quis
1554 1736 1694 1784 afferat,

68 1802 134 1840 par
149 1801 379 1829 contentum
403 1803 520 1840 aquae
536 1793 577 1827 in
597 1803 663 1840 par
678 1801 908 1828 contentum
933 1792 1027 1827 aeris
1050 1790 1153 1840 poffe
1176 1792 1283 1837 verti,
1314 1791 1417 1827 idem
1441 1791 1500 1837 est,
1533 1789 1614 1828 acsi
1640 1792 1695 1829 di-

69 1856 141 1893 cat‚
169 1846 313 1895 aliquid
339 1846 439 1896 poffe
468 1846 588 1896 redigi
618 1848 660 1883 in
687 1846 866 1884 nihilum.
924 1847 1029 1884 Nam
1054 1845 1160 1894 quod
1189 1845 1368 1895 superess'e
1396 1845 1622 1896 supponitur
1652 1860 1697 1885 ex

69 1903 239 1948 materia,
269 1902 309 1939 id
335 1902 381 1939 ad
399 1901 565 1939 nihilum
586 1901 770 1940 evanuiffe
793 1899 965 1938 similiter
995 1901 1138 1938 necesse
1157 1901 1270 1938 foret.
1316 1903 1466 1950 :Neque
1487 1902 1601 1939 nobis
1630 1903 1697 1940 du-

68 1956 177 1994 bium
192 1954 256 2003 est,
284 1959 378 2006 quin
394 1956 485 1994 haec
510 1969 567 1994 res
590 1959 706 1995 etiam
723 1958 887 1995 calculos
910 1958 986 2007 pati
1010 1953 1138 2007 possit,
1168 1956 1300 1994 surdos
1323 1956 1474 1994 fortasse
1498 1959 1539 1995 in
1563 1959 1695 2006 aliqui-

66 2011 148 2059 bus,
177 2012 241 2049 sed
265 2012 442 2050 definitos
466 2015 503 2050 &
526 2023 651 2050 certos
675 2015 713 2051 ὃ(
738 2023 894 2051 naturae
918 2022 1046 2052 notos.
1102 2013 1235 2051 Veluti
1259 2010 1285 2048 si
1302 2014 1385 2061 quis
1399 2013 1499 2050 dicat
1515 2015 1595 2050 auri
1610 2026 1693 2051 cor-

67 2078 137 2117 pus
157 2069 342 2105 collatum
365 2068 412 2104 ad
440 2079 577 2118 corpus
603 2067 752 2118 spiritus
772 2070 865 2115 vini,
895 2068 965 2105 effe
980 2069 1310 2106 coacervationem
1325 2070 1505 2106 materiae
1522 2068 1694 2118 superan-

67 2133 150 2160 tem
172 2125 322 2162 ratione
337 2124 528 2173 viceeupla
550 2122 679 2174 simpla
702 2135 765 2162 aut
789 2125 951 2171 circiter,
980 2137 1064 2162 non
1087 2125 1275 2162 erraverit.
1332 2125 1462 2173 Itaque
1486 2124 1691 2161 exhibituri

65 2178 144 2226 jam
171 2178 364 2216 historiam
389 2190 473 2215 eam
497 2191 612 2228 quam
633 2179 798 2217 diximus
822 2180 869 2217 de
893 2181 1003 2229 copia
1026 2183 1063 2217 ὅ(
1086 2181 1271 2230 paucitate
1287 2182 1477 2226 materiae,
1508 2189 1619 2226 atque
1645 2179 1694 2216 de

65 2235 247 2272 materiae
275 2236 447 2271 coitione
471 2244 583 2282 atque
607 2233 844 2284 expansione,
873 2248 917 2273 ex
946 2235 1083 2284 quibus
1104 2230 1286 2272 notiones
1310 2235 1396 2270 illae
1426 2231 1529 2270 densi
1553 2235 1589 2270 ὃ(
1618 2234 1691 2271 rari

68 2287 109 2337 (si
131 2291 285 2340 proprie
311 2291 555 2339 accipiantur)
580 2300 711 2327 ortum
734 2290 901 2330 habent3
938 2290 1042 2328 hunc
1066 2291 1245 2327 ordinem
1271 2288 1509 2336 servabimus,
1548 2299 1589 2326 ut
1618 2291 1691 2338 pri-

65 2356 136 2382 mo
163 2357 371 2395 corporum
395 2344 633 2383 diversorum
663 2344 718 2391 (ut
742 2346 834 2391 auri,
871 2356 1000 2392 aquae,
1039 2345 1128 2390 olei,
1167 2345 1272 2390 aem,
1302 2343 1492 2392 flammae)
1522 2346 1691 2381 rationes

64 2400 112 2438 ad
135 2402 300 2440 invicem
325 2399 595 2438 recenseamus.
651 2400 882 2437 Examinatis
905 2409 1034 2436 autem
1057 2399 1269 2436 rationibus
1295 2410 1505 2447 corporum
1529 2399 1693 2437 diverso-

65 2468 167 2503 rum,
196 2456 320 2506 postea
344 2458 455 2494 unius
478 2466 591 2504 atque
616 2454 784 2501 ejusdem
809 2456 981 2504 corporis
1002 2453 1248 2504 subingressus
1264 2455 1301 2491 ὃς
1315 2456 1585 2503 expatiationes
1600 2467 1690 2492 cum

65 2512 218 2549 calculis
232 2510 304 2549 sive
320 2512 530 2549 rationibus
545 2511 858 2548 memorabimus.
915 2510 1022 2546 Idem
1046 2511 1151 2547 enim
1176 2521 1311 2559 corpus
1333 2511 1447 2546 ctiam
1471 2509 1608 2559 absque
1633 2523 1689 2547 ac-

65 2563 234 2605 ceffione
249 2577 313 2604 aut
329 2567 532 2614 ablatione,
562 2576 625 2605 aut
641 2565 774 2604 saltem
792 2566 955 2602 minime
969 2576 1040 2614 pro
1055 2576 1133 2602 rata
1148 2565 1422 2602 conti-aetionis
1446 2567 1484 2603 δε
1507 2564 1687 2603 extensio-

66 2623 139 2669 nis,
168 2634 211 2659 ex
226 2623 335 2660 variis
349 2620 568 2673 impulsibus
591 2632 676 2660 tum
701 2623 863 2659 externis
884 2630 969 2658 tum
997 2621 1170 2667 internis,
1200 2619 1351 2657 sustinet
1366 2620 1403 2657 se
1418 2633 1626 2670 congerere
1650 2623 1692 2658 in

65 2678 254 2724 majorem
273 2680 310 2714 ὃ(
325 2679 520 2715 minorem
536 2677 739 2728 sphaeram.
796 2676 993 2714 Interdum
1009 2678 1114 2713 enim
1128 2676 1303 2713 ‘luctatur
1319 2688 1467 2725 corpus,
1498 2678 1535 2713 ὅ(
1558 2678 1598 2713 in
1626 2689 1686 2714 ve-

64 2742 188 2770 terem
211 2733 406 2783 sphaeram
428 2732 465 2770 se
496 2733 685 2771 restituere
709 2733 870 2772 nititur3
903 2732 1099 2769 interdum
1124 2731 1236 2780 plane
1259 2730 1512 2781 transmigrat,
1541 2743 1613 2768 nec
1635 2743 1690 2767 re-

63 2798 210 2826 vertere
234 2787 375 2838 satagit.
433 2789 507 2826 Hic
527 2787 653 2826 cursus
666 2789 796 2837 ptimo
811 2796 923 2835 atque
940 2786 1172 2824 differentias
1198 2788 1235 2823 ὅ(
1258 2789 1425 2824 rationes
1441 2787 1612 2835 corporis
1627 2787 1690 2822 ali-

66 2845 172 2889 cuius
205 2845 385 2881 naturalis
418 2843 558 2892 (quoad
588 2843 799 2890 extentum)
831 2843 961 2879 collati
991 2854 1080 2880 cum
1108 2844 1290 2892 aperturis
1319 2852 1382 2879 aut
1411 2840 1588 2878 clausuris
1618 2840 1690 2878 suis

65 2899 381 2946 memorabimus,
410 2899 587 2938 videlicet
603 2910 691 2936 cum
707 2897 923 2947 pulveribus
943 2896 1028 2945 suis,
1058 2909 1147 2934 cum
1168 2898 1330 2934 calcibus
1354 2897 1438 2943 suis,
1468 2908 1557 2933 cum
1583 2897 1686 2934 vitri-

65 2953 307 2992 ficationibus
329 2953 414 3000 suiS,
445 2966 534 2991 cum
562 2952 870 2990 dissolutionibus
894 2951 979 3000 suis,
1008 2964 1097 2990 cum
1112 2952 1294 2990 distillatis
1311 2952 1394 2998 suis,
1425 2963 1513 2989 cum
1544 2953 1690 3000 vapori-

69 3008 138 3044 bus
156 3011 319 3056 &auris,
349 3009 649 3047 exhalationibus
670 3011 709 3045 δε
737 3007 1105 3046 inflammationibus
1131 3007 1203 3045 suis
1231 3007 1555 3048 memorabimus3
1584 3006 1690 3042 dein-

69 3063 118 3100 de
149 3064 250 3102 aetus
277 3064 376 3115 ipsos
405 3067 443 3104 ὅ(
467 3074 610 3113 motuS,
639 3065 677 3103 δε
698 3062 908 3115 progr-effus
930 3065 968 3102 δε
990 3064 1179 3103 terminos
1193 3063 1466 3102 contractionis
1495 3064 1533 3101 ὃ(
1560 3061 1688 3097 dilata-

123 3119 235 3158 Vor..
263 3119 309 3158 ΙΙ.
835 3118 871 3157 C
903 3129 924 3155 2
1573 3115 1688 3152 tionis

1795 213 1854 258 Ι9
