1973 3570
200 174 663 221 HISTORIA
727 176 979 222 VITAE
1038 178 1145 222 ET
1202 178 1535 228 MORTIS.
1710 198 1806 249 153

0 276 3 338 l
58 277 315 315 solicitudines
340 278 376 314 δ(
397 278 671 329 ςκρςᾶατίοηοε
695 279 839 314 anxias:
869 277 1032 326 denique
1053 290 1117 329 per
1133 280 1290 316 morbos
1315 281 1524 329 malignos3
1553 286 1590 322 ὃς
1606 287 1670 323 (10-

56 335 155 371 lores
184 335 220 370 ὅ(
240 334 423 370 cruciatus
450 334 620 385 corporis
640 345 790 382 graves:
828 344 923 380 quae
951 333 1092 381 omnia,
1129 345 1316 382 quantum
1340 335 1420 373 fieri
1444 339 1572 386 potest,
1614 343 1667 387 (ut

55 389 170 425 etiam
193 387 327 425 medici
344 389 510 436 vulgares
526 390 715 435 monent,)
747 388 920 425 evitanda
940 386 1035 425 sunt.

107 453 174 494 93.
207 445 442 480 Smuirus
463 446 499 481 ὅ(
523 442 709 480 consuetis
729 443 960 480 delcetantur
977 446 1014 481 ὃ(
1038 446 1157 481 novis.
1214 445 1360 483 Mirum
1382 456 1509 484 autem
1524 450 1563 485 in
1583 461 1665 488 mo-

54 498 146 535 dum
176 498 263 535 facit
292 499 336 535 ad
366 498 664 535 conservandum
694 500 868 547 vigorem
900 497 1109 546 spirituum,
1148 509 1189 537 ut
1217 513 1266 537 ne
1295 501 1483 539 consuetis
1514 513 1664 542 utamur

0 527 2 615 i
53 554 100 591 ad
126 552 347 600 satietatem,
385 565 455 590 nec
480 555 588 591 novis
614 564 701 590 ante
724 555 931 602 appetitum
956 552 1123 591 vividum
1153 558 1189 592 ὃ(
1214 555 1415 594 strenuum.
1472 559 1600 607 Itaque
1625 563 1662 597 ὅ(

0 618 1 622 ’
21 648 28 655 ,
52 608 342 646 consuetudines
354 609 630 658 abrumpendae
645 608 727 646 sunt
741 608 878 653 judicio
891 609 1057 657 quodam
1071 612 1106 647 ὃς
1121 622 1219 657 cura,
1231 621 1430 659 antequam
1446 616 1664 662 perveniant

53 664 100 700 ad
114 663 320 705 fastiditum
350 666 386 701 ὅ(
407 666 590 715 appetitus
612 665 655 700 ad
678 676 775 702 nova
791 665 835 700 ad
860 674 1010 713 tempus
1025 665 1272 712 cohibendus,
1303 667 1427 704 donec
1449 668 1511 705 fiat
1527 669 1667 707 fortior

55 721 92 756 δ(
106 717 272 756 alacrior.
330 719 459 767 Atque
477 719 622 767 insuper
641 721 726 765 vita,
757 719 881 767 quoad
896 718 977 756 fieri
992 719 1121 769 potest,
1143 723 1193 757 ita
1209 722 1443 769 instituenda,
1473 733 1513 760 ut
1530 726 1666 762 multas

53 776 91 811 ὃ(
105 775 219 811 varias
242 774 373 812 habeat
389 775 736 824 redintegratione&
767 787 888 823 neque
904 786 1086 824 perpetuo
1107 777 1147 813 in
1164 776 1294 813 iisdem
1316 777 1497 815 versando
1513 778 1663 831 spiritus

53 839 250 880 torpeant:
293 831 398 867 Licet
433 831 535 866 enim
571 843 651 866 non
686 831 783 866 male
816 830 960 867 dicium
998 828 1040 867 sit
1074 843 1093 867 a
1129 833 1279 878 Seneca,
1325 829 1482 870 Stultus
1504 832 1660 887 meper

52 883 195 936 inctpt't
217 884 369 932 vivere,
398 896 526 922 tamen
549 886 613 922 illa
639 884 799 932 stultitia,
830 896 871 923 ut
897 888 934 923 ὃς
957 885 1048 923 aliae
1069 889 1380 936 quamplurimae,
1415 890 1661 939 longaevitati

53 940 213 992 prodest.

107 1005 174 1044 94.
207 994 532 1047 C1Rcaspiritus
558 995 831 1034 observandum
856 996 915 1042 est,
948 994 1025 1042 (etsi
1041 999 1274 1034 contrarium
1294 997 1373 1034 fieri
1394 999 1657 1050 consueverit)

54 1060 95 1087 ut
120 1051 273 1098 quando
296 1052 501 1100 percipiant
522 1051 696 1088 homines
720 1051 865 1099 spiritus
889 1050 972 1088 suos
997 1051 1066 1088 effe
1090 1053 1130 1087 in
1153 1052 1243 1088 statu
1267 1052 1374 1089 bono
1396 1056 1432 1090 &
1456 1055 1605 1106 placido
1621 1059 1658 1094 ὃς

53 1105 155 1151 sano,
187 1105 239 1153 (id
255 1106 357 1154 quod
379 1119 420 1143 ex
437 1107 709 1153 tranquillitate
727 1106 845 1142 animi
868 1108 903 1142 ὃ(
919 1106 1057 1143 laetitia
1076 1106 1183 1142 datur
1198 1105 1382 1157 perspici)
1412 1120 1475 1145 eos
1490 1109 1656 1158 foveant,

52 1172 122 1197 nec
138 1171 308 1201 mutent;
338 1159 391 1198 sin
413 1160 451 1197 in
467 1160 557 1197 statu
582 1161 755 1208 inquieto
771 1163 807 1197 <Sc
832 1162 1013 1210 maligno,
1046 1161 1096 1208 (id
1121 1161 1226 1209 quod
1242 1173 1284 1197 ex
1311 1161 1467 1210 tristitia,
1496 1165 1658 1213 pigritia,

29 1213 31 1215 ’
51 1226 163 1263 atque
186 1214 253 1252 alia
273 1214 557 1265 indispositione
579 1218 695 1252 animi
724 1216 939 1267 apparebit)
971 1229 1035 1253 eos
1061 1215 1215 1253 subinde
1240 1216 1403 1254 obruant
1424 1221 1460 1255 ὅ(
1483 1221 1654 1257 alterent.

54 1271 318 1308 Continentur
348 1282 473 1308 autem
506 1270 652 1322 spiritus
682 1272 720 1307 in
752 1272 888 1308 eodem
919 1271 1010 1309 statu
1040 1284 1104 1323 per
1136 1271 1412 1309 cohibitionem
1444 1273 1658 1322 affectuum,

52 1336 397 1377 temperamentum
425 1326 579 1371 diaetae,
618 1326 878 1363 abstinentiam
904 1339 923 1363 a
947 1339 1094 1372 venere,
1134 1327 1439 1364 moderationem
1469 1341 1488 1365 a
1517 1330 1657 1376 labore,

52 1382 176 1418 otium
198 1380 408 1422 mediocre3
438 1382 594 1418 alterant
617 1392 742 1418 autem
764 1384 801 1419 ὅ(
820 1382 988 1419 obruunt
1009 1382 1155 1434 spiritus
1175 1384 1363 1419 contraria
1379 1383 1473 1423 istm
1504 1385 1654 1433 scilicet,

51 1435 201 1473 affectus
234 1436 486 1483 vehementes,
531 1437 660 1485 epulae
690 1436 872 1486 profusae,
914 1449 1030 1475 venus
1060 1437 1322 1484 immoderata,
1365 1439 1510 1476 labores
1538 1441 1657 1487 ardui,

51 1490 165 1528 studia
198 1491 343 1528 intensa
378 1494 414 1529 ὗε
443 1493 605 1541 negotia.
662 1493 784 1540 Atqui
814 1491 1087 1529 consueverunt
1117 1492 1303 1539 homines,
1343 1505 1431 1530 cum
1456 1496 1542 1531 laeti
1573 1495 1657 1533 sunt

52 1549 89 1584 &
127 1545 192 1583 fibi
230 1549 392 1584 maxime
430 1549 590 1598 placent,
637 1558 720 1584 tum
759 1549 896 1598 epulas,
939 1559 1130 1593 venerem,
1174 1547 1332 1594 labores,
1375 1551 1656 1598 contentiones,

51 1603 216 1651 negotia,
254 1604 417 1639 maxime
446 1601 547 1650 sequi
576 1604 613 1639 ἃ
639 1601 820 1639 affectare.
877 1602 993 1654 Quod
1023 1601 1047 1639 fi
1077 1604 1159 1651 quis
1188 1603 1420 1651 longitudini
1445 1606 1540 1642 vitae
1569 1618 1658 1643 con-

51 1656 170 1694 sulere
197 1656 297 1704 velit,
336 1657 528 1694 contrario
554 1658 674 1694 modo
691 1657 810 1705 (quod
835 1659 977 1694 mirum
998 1658 1111 1703 diciu)
1142 1657 1176 1693 se
1199 1669 1326 1706 gerere
1349 1658 1480 1700 debet3
1511 1659 1657 1709 spiritus

52 1714 155 1749 enim
191 1712 314 1750 bonos
343 1712 473 1751 fovere
507 1715 543 1750 &
573 1714 806 1759 continuare,
850 1713 948 1749 male
981 1711 1177 1764 dispositos
1207 1712 1402 1750 exhaurire
1431 1717 1468 1751 ὅ(
1497 1726 1657 1764 mutare,

52 1777 216 1820 oportet.

105 1833 172 1871 95.
205 1824 314 1861 NON
335 1823 461 1872 inepte
485 1824 535 1860 ait
561 1824 720 1870 Ficinus,
759 1821 860 1860 senes
881 1823 1017 1861 debere
1041 1824 1087 1860 ad
1108 1822 1434 1860 confortationem
1459 1822 1659 1873 spirituum

52 1877 219 1923 suorum,
258 1878 333 1914 asta
357 1879 537 1929 pueritiae
567 1877 650 1916 suae
677 1881 713 1915 δε
738 1877 1010 1916 adolescentiae
1041 1878 1143 1928 saepe
1169 1878 1355 1914 recordari
1387 1881 1423 1915 ὅς
1453 1881 1656 1918 ruminare.

53 1934 171 1970 Certe
200 1935 382 1970 recreatio
412 1932 460 1970 est
488 1933 635 1970 senibus
665 1931 827 1983 lingulis,
865 1944 1045 1982 tanquam
1074 1934 1281 1984 peculiaris,
1320 1934 1532 1970 recordatio
1560 1936 1655 1972 talis.

49 1990 179 2037 Itaque
198 1988 306 2025 dulce
330 1988 378 2025 cst
400 1989 621 2026 hominibus
644 1988 861 2026 societatem
880 1989 1016 2026 habere
1040 2001 1187 2034 eorum,
1218 1989 1283 2036 qui
1303 1989 1399 2025 olim
1415 2001 1488 2026 una
1512 1989 1658 2028 educati

50 2044 212 2090 fuerant,
243 2046 279 2081 δε
302 2045 387 2080 loca
410 2043 485 2096 ipsa
508 2044 742 2081 educationis
758 2043 841 2081 suae
865 2044 1032 2083 invisere.
1089 2041 1329 2093 Vespasianus
1352 2053 1477 2081 autem
1493 2043 1581 2082 huic
1603 2046 1659 2082 rei

51 2109 200 2136 tantum
225 2099 425 2145 tribuebat,
463 2109 504 2136 ut
527 2111 614 2136 cum
638 2100 724 2136 esset
748 2101 966 2150 imperator,
1004 2101 1114 2137 nullo
1140 2100 1262 2136 modo
1283 2100 1455 2136 animum
1480 2099 1659 2136 inducere

51 2154 237 2204 potuisset,
267 2164 308 2192 ut
335 2155 441 2192 aedes
468 2165 649 2204 paternas,
687 2156 775 2192 licet
802 2156 975 2202 humiles,
1011 2165 1194 2195 mutatets
1234 2166 1282 2190 ne
1309 2154 1449 2202 aliquid
1473 2153 1659 2205 deperiret

48 2209 316 2247 consuetudini
339 2211 540 2247 oculorum
564 2212 601 2248 ὅ(
628 2211 844 2247 memoriae
861 2211 1043 2261 pucritiae
1068 2210 1172 2247 suae:
1211 2207 1430 2260 Quinetiam
1454 2209 1494 2244 in
1517 2207 1658 2259 scypho

50 2264 219 2315 quodam
232 2266 332 2302 aviae
353 2265 436 2303 suae
450 2267 592 2315 ligneo,
621 2277 709 2302 cum
725 2265 832 2302 labro
846 2275 1039 2313 argenteo,
1068 2265 1200 2301 diebus
1213 2262 1309 2299 festis
1329 2263 1494 2311 potabat.

106 2321 174 2368 96.
204 2321 356 2358 ILLUD
376 2331 462 2358 ante
482 2322 613 2358 onmia
629 2320 813 2371 spiritibus
833 2329 982 2368 gratum
1003 2318 1074 2359 est3
1106 2327 1147 2356 ut
1162 2318 1224 2354 fiat
1244 2317 1448 2366 progressus
1469 2318 1660 2356 continuo

51 2376 94 2412 in
117 2375 327 2425 benignius.
383 2377 510 2425 Itaque
534 2389 581 2413 eo
606 2376 726 2413 modo
752 2373 802 2412 est
826 2374 1050 2425 instituenda
1074 2375 1246 2419 juventus
1273 2374 1310 2409 ὅ(
1333 2381 1428 2409 aetas
1451 2373 1579 2419 virilis,
1617 2383 1659 2411 ut

50 2430 232 2468 senestuti
256 2441 356 2468 nova
384 2431 513 2469 solatia
538 2432 820 2479 relinquantur3
857 2441 1023 2478 quorum
1047 2429 1284 2477 praecipuum
1311 2425 1352 2464 fit
1379 2428 1502 2464 otium
1528 2427 1659 2465 mode-

50 2497 185 2524 ratum.
241 2487 371 2535 Itaque
397 2485 543 2538 sibiipsi
572 2499 705 2524 manus
732 2485 900 2522 inferunt
927 2484 1028 2521 senes
1054 2484 1242 2530 honorati,
1271 2483 1337 2531 qui
1363 2483 1404 2519 in
1427 2484 1552 2519 otium
1577 2495 1659 2522 non

50 2540 248 2579 secedunt:
288 2542 407 2585 Cujus
431 2543 484 2579 rei
507 2540 650 2592 insigne
672 2542 854 2591 reperitur
877 2540 1090 2591 exemplum
1114 2541 1154 2576 in
1178 2534 1431 2578 ·Caffiod0ro;
1468 2539 1533 2586 qui
1556 2547 1660 2576 tanta

43 2597 150 2649 apud
174 2609 276 2647 reges
299 2596 422 2634 Italiae
446 2597 597 2635 Gothos
624 2597 850 2635 authoritate
869 2595 1047 2644 pollebat,
1083 2604 1125 2632 ut
1152 2593 1260 2631 instar
1285 2594 1432 2630 animae
1457 2593 1543 2630 effet
1570 2606 1659 2643 erga

52 2661 188 2690 eorum
211 2654 383 2702 negotia3
420 2652 544 2704 postea
566 2662 692 2690 autem
715 2651 791 2688 fere
812 2651 1071 2699 ouogenarius
1094 2651 1135 2687 in
1159 2648 1426 2686 monasterium
1447 2646 1482 2685 se
1507 2650 1660 2698 recepit,

47 2705 118 2745 -ubi
143 2719 225 2745 non
247 2718 334 2745 ante
353 2706 597 2745 centesimum
621 2708 776 2745 demum
805 2710 948 2743 annum
970 2707 1086 2743 vitam
1110 2702 1256 2742 clausit:
1296 2705 1352 2741 At
1377 2703 1464 2741 huic
1487 2705 1540 2740 rei
1565 2705 1660 2740 duae

47 2764 245 2800 cautiones
268 2763 499 2800 adhibendae
520 2762 625 2804 sunm
658 2775 745 2809 una,
782 2771 823 2798 ut
845 2773 928 2798 non
951 2762 1156 2813 expeEtent‚
1194 2759 1318 2796 donec
1342 2771 1475 2810 corpus
1496 2758 1661 2794 omnino

51 2818 271 2856 confectum
286 2816 327 2855 fit
343 2821 380 2856 ὅ(
394 2818 633 2855 morbidum:
654 2817 808 2854 Etenim
824 2818 864 2853 in
880 2816 1096 2862 hujusmodi
1110 2813 1328 2868 corporibus
1343 2816 1468 2851 omnis
1484 2813 1658 2858 mutatio,

51 2872 140 2910 licet
153 2872 193 2910 in
208 2874 419 2923 benignius,
447 2884 615 2911 mortem
630 2873 830 2910 accelerat:
858 2870 1001 2919 Altera,
1030 2881 1072 2909 ut
1092 2872 1175 2908 otio
1189 2872 1301 2923 plane
1320 2868 1431 2906 inerti
1447 2867 1482 2904 se
1497 2867 1660 2904 minime

49 2927 203 2975 dedant,
231 2928 292 2966 secl
320 2929 480 2967 habeant
500 2929 642 2978 aliquid
657 2927 762 2976 quod
789 2927 1042 2976 cogitationes
1058 2929 1095 2964 ὃς
1115 2927 1287 2963 animum
1316 2923 1483 2976 ipsorum
1510 2921 1655 2970 placide

53 2983 223 3021 detinere
242 2979 378 3032 poffit3
409 2985 449 3022 in
475 2996 553 3033 quo
573 2995 723 3033 genere,
752 2983 946 3034 praecipua
962 2982 1238 3021 oblectamenta
1251 2979 1336 3020 sunt
1348 2980 1488 3023 literae,
1519 2976 1657 3014 deinde

51 3036 168 3077 studia
187 3038 404 3077 aedificandi
425 3042 461 3078 &
476 3038 680 3089 plantandi.
1646 3046 1650 3050 ·

109 3093 220 3133 v01„
251 3094 294 3130 Π,
786 3089 832 3132 U
1338 3097 1404 3139 97.
1434 3088 1661 3125 PosrREMo
