1973 3570
456 132 565 181 DE
609 131 1125 181 SAPIENTIA
1174 131 1633 193 VETERUM.

253 228 489 286 Proserpina
502 233 605 270 enim
626 244 738 281 grana
753 230 822 269 tria
842 244 885 269 cx
906 232 1006 268 malo
1032 241 1188 281 granato
1203 230 1354 281 ,gustass'e
1379 243 1573 287 comperta
1600 232 1662 284 cstr
1689 261 1695 282 ·,
1714 228 1850 283 Neque

260 287 400 326 idcirco
412 286 527 325 Ceres
540 287 688 333 destitit,
715 286 805 339 quin
825 297 947 339 preces
963 288 999 323 δε
1027 287 1192 336 ploratus
1207 288 1253 323 de
1276 284 1425 336 integro
1442 284 1653 338 resumeret.
1683 316 1686 318 v
1712 288 1849 338 Postre-

252 354 321 381 mo
339 341 463 391 itaque
475 344 511 379 ei
527 342 719 379 indultum
743 341 802 388 est,
832 351 873 378 ut
886 338 1137 393 Proserpina,
1161 339 1358 391 dispertitis
1378 336 1622 395 >temporibus,
1640 344 1684 378 ,ὃς
1700 342 1852 380 alternis

251 395 403 444 vicibus,
431 396 489 434 sex
509 395 652 434 menses
666 408 754 433 cum
768 395 918 443 marito,
941 395 1062 432 alteris
1078 394 1136 432 sex
1151 407 1239 432 cum
1249 406 1368 432 matre
1385 395 1481 432 ess'ct.
1537 392 1848 448 HancProfijrpi-

253 463 343 490 nam
356 450 478 501 postca
492 448 659 503 Theftus
673 453 709 488 &
720 446 935 488 Perithous
957 449 1086 487 eximia
1101 448 1249 487 audacia
1263 450 1430 487 thalamo
1440 447 1549 486 vDitis
1571 451 1753 502 deducere
1772 462 1851 501 ten·

253 517 392 545 tarunt.
451 506 554 543 Cum
569 516 692 543 autem
708 503 747 542 in
762 504 895 542 itinere
911 504 1017 556 super
1033 505 1116 542 saxo
1126 505 1222 554 apud
1237 502 1378 542 inferos
1393 501 1520 541 defessi
1531 504 1784 552 consedissent‚
1798 508 1853 543 cis

255 561 442 612 resurgere
457 559 616 597 minime
631 558 745 607 licuit,
773 556 835 597 'sed
859 570 1055 597 aeternum
1070 559 1255 597 sedebant.
1312 557 1548 611 ‘Proserpina
1572 561 1703 611 itaque
1716 558 1854 611 infero·

260 628 347 654 rum
366 616 494 664 regina
508 612 666 655 manfit3
694 616 734 651 in
750 616 853 659 cujus
873 614 1059 651 honorem
1089 613 1200 652 etiam
1227 613 1395 651 additum
1416 614 1463 650 est
1489 612 1735 667 privilegium.
1755 625 1854 664 mag-

256 682 374 711 num3
404 681 491 707 cum
515 670 619 707 enim
646 670 692 706 ab
717 667 840 706 inferis
864 681 1037 706 revocare
1060 670 1229 718 gradum,
1260 669 1332 706 illis
1346 667 1408 719 qui
1437 680 1484 705 eo
1500 667 1780 719 descendiss'en't,
1803 670 1855 707 fas

256 737 338 762 non
354 724 459 764 effet3
487 721 663 773 adscripta
676 723 723 759 est
738 722 823 759 huic
837 724 911 772 legi
932 725 1102 774 exceptio
1116 722 1303 773 singularis
1319 738 1328 764 ς
1357 721 1522 771 utfiquis
1543 735 1688 760 ramum
1702 735 1855 760 aureum

260 781 304 817 in
322 776 734 828 donumProseryJinae
755 776 938 824 attulisset,
968 778 1002 813 ci
1030 778 1082 814 ob
1101 777 1174 815 hoc
1203 779 1255 814 ire
1290 780 1325 815 δε
1346 777 1461 815 redire
1489 775 1624 815 liceret.
1671 774 1713 815 ‘Is
1731 789 1856 815 ramus

263 833 393 872 unicus
408 842 484 868 erat
499 833 538 868 in
554 830 696 880 ingenti
711 833 747 868 ὅ(
762 843 881 883 opaco
909 833 1010 878 luco,
1026 843 1148 880 neque
1167 830 1265 883 stirps
1280 842 1367 879 erat,
1398 832 1459 870 sed
1473 832 1558 870 visci
1572 831 1675 869 instar
1684 831 1723 869 in
1738 834 1859 881 aliena

259 888 390 925 arbore
404 886 616 932 frondebat,
645 896 755 934 atque
774 885 903 923 avulso
917 886 985 922 illo
1000 887 1089 923 alter
1102 899 1183 924 non
1199 887 1402 924 deficiebat.
1684 914 1687 916 -
1860 892 1862 894 “

312 943 509 979 FABULA
523 940 569 977 ad
589 950 762 977 naturam
772 939 955 990 pertinere
969 940 1128 988 videtur,
1157 951 1266 992 atque
1289 943 1366 979 virn
1383 943 1420 979 &
1439 939 1585 990 copiam
1602 939 1705 978 illam
1725 939 1763 979 in
1778 940 1858 979 sub-

260 994 448 1041 terraneis,
476 993 629 1033 divitem
649 996 687 1032 &
712 993 941 1044 frugiferam,
971 1007 1013 1032 ex
1027 1008 1099 1047 qua
1129 996 1218 1033 haec
1241 995 1364 1033 nostra
1395 996 1591 1047 pullulant,
1620 997 1656 1032 ἀ
1684 995 1861 1047 inquam

260 1050 382 1089 rursus
408 1050 604 1089 solvuntur
624 1051 660 1086 ὃ(
682 1049 851 1097 redeunt,
889 1049 1116 1102 perscrutari.
1171 1051 1242 1088 Per
1265 1049 1537 1102 Proserpinam
1561 1048 1703 1099 antiqui
1729 1048 1860 1100 fignifi-

257 1115 389 1143 carunt
417 1103 583 1154 spiritum
612 1103 720 1141 illum
745 1104 959 1142 aethereum
987 1104 1050 1153 qui
1070 1105 1136 1142 sub
1164 1116 1257 1142 terra
1288 1106 1365 1157 (per
1381 1103 1590 1143 ‘Plutonem
1619 1105 1860 1154 repraesenta-

259 1161 309 1252 ἔα)
334 1160 518 1251 lclauditur
533 1161 570 1196 ὃ(
590 1159 788 1206 detinetur,
817 1171 836 1196 a
852 1158 1037 1211 superiore
1056 1160 1176 1210 globo
1190 1160 1364 1207 divulsus,
1393 1160 1496 1208 quod
1511 1172 1592 1198 non
1607 1161 1703 1197 male
1722 1159 1860 1209 expres-

279 1216 330 1252 1ti
349 1216 403 1251 le:

429 1285 526 1327 Sive
541 1300 669 1327 recens
684 1287 813 1336 tellas,
831 1286 1071 1343 seduft'aque
1085 1299 1202 1342 nuper
1215 1287 1262 1328 ab
1276 1288 1358 1328 alto

430 1340 516 1381 AE
519 1340 627 1381 there
643 1345 797 1396 cognati
812 1342 1004 1382 retinebat
1007 1344 1163 1397 semina
1178 1342 1284 1383 coeli.

265 1426 332 1463 Ille
354 1424 493 1478 spiritus
516 1438 637 1477 raptus
655 1440 676 1464 a
701 1438 798 1465 terra
829 1425 993 1476 fingitur,
1020 1426 1104 1478 quia
1128 1429 1288 1464 minime
1313 1425 1520 1474 cohibetur,
1550 1427 1614 1464 ubi
1640 1437 1786 1479 tempus
1824 1428 1862 1464 ὅ(

264 1492 413 1517 moram
433 1481 542 1519 habet
560 1482 607 1518 ad
631 1482 870 1528 evolandum,
900 1481 961 1519 sed
989 1479 1105 1519 subita
1129 1482 1386 1520 confractione
1414 1484 1451 1519 ὅ(
1465 1481 1769 1519 comminutione
1782 1493 1862 1520 tan-

266 1545 352 1572 tum
379 1534 630 1587 compingitur
655 1539 692 1573 &
719 1535 855 1586 figitur,
894 1536 1045 1586 perinde
1072 1549 1115 1574 ac
1139 1535 1165 1573 fi
1190 1539 1274 1586 quis
1308 1540 1430 1574 aerem
1472 1549 1583 1589 aquae
1622 1536 1863 1578 commisce-re

267 1600 408 1631 tentet3
436 1591 539 1641 quod
566 1592 675 1628 nullo
690 1592 809 1628 modo
829 1587 974 1629 efficere
989 1588 1114 1641 poffit,
1141 1590 1207 1629 nisi
1233 1604 1298 1642 per
1310 1590 1552 1641 agitationem
1575 1593 1734 1628 celerem
1758 1593 1795 1629 &
1810 1604 1861 1629 ra-

267 1644 413 1696 pidam:
442 1645 509 1683 hac
537 1647 640 1682 enim
669 1644 814 1683 ratione
844 1646 1013 1684 videmus
1045 1648 1109 1684 illa
1135 1658 1293 1697 corpora
1329 1645 1509 1696 conjungi
1542 1647 1582 1682 in
1609 1646 1749 1697 spuma,
1779 1648 1863 1684 a‘e‘re

268 1710 447 1748 tauquam
474 1710 581 1752 rapto
605 1701 651 1737 ab
675 1713 780 1749 aqua.
836 1702 974 1750 Neque
1001 1699 1229 1751 ineleganter
1256 1702 1414 1748 additur,
1453 1698 1727 1753 Proserpinam
1753 1701 1864 1739 flores

268 1751 446 1802 Narciffi'
454 1753 493 1791 in
507 1753 660 1792 vallibus
674 1757 918 1805 colligentem
934 1766 1077 1806 raptam
1098 1755 1218 1794 fuiss'e:
1248 1755 1332 1805 quia
1354 1752 1560 1806 Narcffaes
1575 1767 1594 1792 a
1618 1763 1771 1807 torpore
1793 1753 1864 1797 five

269 1809 416 1858 stupore
437 1821 581 1847 nomen
602 1810 735 1851 summ
765 1822 875 1859 atque
894 1821 978 1848 tum
999 1811 1155 1848 demum
1184 1811 1328 1861 spiritus
1352 1811 1397 1848 ad
1413 1821 1558 1862 raptum
1587 1812 1761 1848 materiae
1788 1821 1865 1848 ter-

268 1862 386 1901 restris
414 1862 528 1913 magis
550 1875 780 1916 praeparatus
808 1865 856 1902 est
879 1867 916 1903 ὃ(
945 1876 1192 1917 opportunus,
1221 1879 1308 1904 cum
1328 1864 1514 1915 coagulari
1542 1864 1671 1915 incipit
1694 1877 1736 1902 ac
1750 1866 1865 1905 veluti

267 1928 463 1970 torporem
473 1918 660 1969 colligere.
715 1920 831 1958 Recte
840 1930 966 1958 autem
977 1919 1148 1958 tribuitur
1157 1921 1283 1959 honor
1294 1922 1357 1959 ille
1366 1920 1631 1973 Proserpinae,
1647 1919 1762 1971 qualis
1770 1920 1867 1970 nulli

269 1974 377 2010 uxori
395 1974 580 2016 deorum;
608 1984 650 2012 ut
672 1973 770 2012 Ditis
795 1973 950 2013 domina
978 1972 1031 2022 sit,
1060 1977 1146 2024 quia
1175 1977 1239 2013 ille
1268 1975 1411 2026 spiritus
1430 1976 1539 2026 plane
1566 1974 1694 2012 omnia
1726 1976 1767 2013 in
1794 1974 1867 2013 illis

270 2026 485 2078 regionibus
499 2029 738 2076 administrat,
765 2029 911 2081 stupido
926 2032 962 2067 δε
990 2029 1087 2078 quafi
1107 2029 1238 2080 ignaro
1253 2029 1435 2069 Plutone.
1492 2031 1603 2068 Hunc
1627 2040 1753 2067 autem
1768 2029 1865 2082 spiri-

270 2091 355 2120 tum
383 2082 520 2130 aether,
551 2096 593 2121 ac
620 2086 674 2122 vis
700 2083 917 2122 coelestium
948 2084 1024 2137 (per
1049 2084 1222 2123 Cererem
1243 2086 1471 2133 adumbrata)
1503 2083 1647 2123 infinita
1675 2084 1867 2130 sedulitate

268 2135 413 2184 elicere,
441 2148 552 2187 atque
567 2136 631 2176 fibi
650 2137 832 2177 restituere
846 2140 1069 2181 contendit3
1097 2140 1155 2178 fax
1175 2151 1300 2178 autem
1325 2141 1385 2178 illa
1405 2141 1561 2178 aetheris
1583 2137 1657 2178 five
1681 2140 1786 2177 taeda
1813 2152 1865 2176 ar-

270 2191 362 2229 dens
381 2190 420 2229 in
435 2204 549 2230 manu
573 2192 725 2231 Cereris
741 2194 992 2244 proculdubio
1015 2194 1133 2232 solem
1147 2196 1315 2242 denotat,
1344 2197 1407 2247 qui
1436 2194 1530 2232 circa
1546 2204 1663 2232 terrae
1682 2193 1870 2232 ambitum

270 2245 423 2284 luminis
438 2244 567 2285 officio
582 2248 764 2298 fungitur,
790 2259 902 2297 atque
924 2248 1074 2287 maximi
1097 2252 1273 2288 omnium
1295 2244 1379 2288 efl'et
1403 2250 1448 2287 ad
1465 2247 1737 2302 Proserpinam
1764 2261 1867 2287 recu-
1894 2260 1897 2263 ¹

271 2302 472 2349 perandum
492 2305 693 2351 momenti,
721 2302 748 2340 fi
771 2304 937 2341 omnino
958 2304 1032 2342 hoc
1053 2304 1132 2342 fieri
1147 2305 1274 2356 poss'ct.
1333 2306 1399 2342 Illa
1414 2315 1541 2342 tamen
1564 2304 1698 2350 haeret,
1729 2306 1766 2341 &
1791 2316 1866 2341 ma·
1896 2348 1897 2351 Ἴ

274 2365 362 2392 net:
390 2357 493 2402 cujus
513 2359 609 2395 ratio
624 2358 788 2407 sequitur
802 2369 970 2396 accurate
990 2361 1026 2396 &
1041 2361 1263 2398 excellenter
1277 2357 1461 2411 proposita
1481 2356 1518 2395 in
1534 2357 1643 2408 pactis
1658 2360 1731 2396 illis
1739 2357 1868 2410 Jovis

273 2411 311 2446 ὃ(
326 2408 487 2448 Cereris.
544 2411 712 2450 Primum
728 2412 830 2450 enim
846 2409 1090 2451 certissimum
1105 2413 1165 2461 est,
1193 2415 1288 2452 duos
1307 2415 1375 2452 ess'e
1401 2414 1535 2451 modos
1555 2412 1698 2466 spiritus
1727 2415 1768 2450 in
1789 2425 1869 2450 ma-

274 2462 362 2500 teria
386 2464 500 2503 solida
531 2469 569 2504 &
591 2466 747 2505 terrestri
773 2467 999 2506 cohibendi:
1041 2467 1218 2506 Alterum
1244 2481 1310 2522 per
1341 2467 1655 2520 constipationem
1691 2466 1761 2506 five
1801 2469 1869 2507 ob·
1899 2473 1902 2475 ’

271 2517 524 2566 structionem,
553 2524 618 2570 qui
646 2523 695 2559 est
721 2534 824 2560 mera
844 2522 1085 2560 incarceratio
1105 2526 1142 2560 &
1168 2522 1366 2561 violentia:
1394 2523 1573 2561 Alterum
1598 2535 1662 2573 per
1688 2521 1867 2561 ministra-

273 2570 420 2610 tionem
435 2575 708 2623 proportionati
721 2576 901 2624 alimenti,
917 2587 1026 2626 atque
1040 2578 1077 2615 id
1089 2578 1131 2615 fit
1144 2577 1275 2630 sponte
1286 2580 1322 2615 ὅ(
1333 2579 1504 2615 libenter.
1559 2578 1755 2626 Postquam
1767 2577 1870 2616 enim

228 2673 230 2675 ¹
272 2625 417 2676 spiritus
438 2626 598 2667 inclusus
626 2631 818 2683 depascere
844 2631 1008 2684 incoepit
1035 2642 1144 2684 atque
1171 2637 1206 2670 le
1226 2634 1336 2680 alere,
1367 2634 1513 2671 evolare
1527 2631 1697 2682 protinus
1713 2645 1793 2669 non
1817 2633 1867 2672 fe-

273 2680 404 2722 stinat3
434 2681 495 2718 sed
514 2685 628 2722 veluti
657 2688 696 2723 in
711 2696 805 2724 terra
826 2686 887 2724 sua
908 2686 1058 2736 figitur:
1084 2698 1196 2736 atque
1212 2688 1300 2725 haec
1327 2686 1376 2725 est
1404 2689 1466 2725 illa
1492 2687 1696 2736 degustatio
1711 2685 1869 2740 Proser-

264 2736 385 2788 pinae
395 2748 436 2773 ex
448 2737 549 2773 malo
563 2750 718 2786 granato
728 2755 739 2783 5
767 2753 860 2793 quae
876 2739 900 2778 fi
914 2754 996 2779 non
1010 2741 1140 2789 fuisset,
1168 2743 1407 2792 jampridem
1423 2754 1442 2779 a
1455 2741 1588 2780 Cerere
1604 2753 1691 2778 cum
1711 2741 1790 2780 face
1805 2743 1869 2781 illa

275 2789 338 2828 sua
367 2791 500 2828 orbem
528 2801 709 2830 terrarum
736 2806 963 2846 peragrante,
1001 2797 1157 2834 abducta
1186 2797 1319 2835 fuisset.
1376 2796 1526 2848 Spiritus
1560 2795 1661 2832 enim
1695 2799 1759 2847 qui
1788 2797 1868 2836 sub·

273 2845 321 2882 est
340 2844 800 2887 metallis&mineralibus
827 2852 1087 2901 compingitur
1115 2851 1263 2889 fortasse
1289 2852 1480 2903 praecipue
1507 2862 1572 2899 per
1588 2850 1717 2886 massae
1745 2850 1867 2890 solidi-

273 2909 413 2941 tatem3
441 2899 504 2951 qui
517 2911 642 2938 autem
662 2900 700 2938 in
721 2904 855 2952 plantis
877 2906 924 2942 est
944 2908 980 2943 ὅ(
1016 2905 1279 2953 animantibus,
1309 2908 1349 2943 in
1372 2917 1529 2956 corpore
1551 2904 1691 2953 poroso
1714 2906 1869 2956 habitat,

275 2955 451 3005 &aperta
464 2954 601 3005 effugia
614 2956 740 3002 habet,
768 2957 834 2994 nisi
854 2962 1041 3008 perillum
1071 2962 1232 2998 modum
1260 2957 1518 3010 degustationis
1541 2958 1700 2996 libenter
1727 2961 1868 3000 detine-

275 3019 387 3047 retur.
445 3010 658 3048 Secundum
681 3021 806 3049 autem
832 3014 982 3063 pastum
1006 3015 1053 3053 de
1083 3014 1242 3054 semestri
1269 3012 1547 3060 consuetudine,
1585 3026 1666 3051 non
1695 3014 1792 3052 aliud
1820 3018 1870 3054 est

1754 3082 1866 3118 quam
