1973 3570
138 188 199 233 86

446 163 884 234 'H1‘ST0R1A
940 156 1207 227 DENsr
1245 177 1344 223 ET
1397 162 1651 224 RARIJ

266 286 503 340 separationis
533 287 696 338 partium
725 284 1084 333 heterogenearum3
1134 291 1175 318 ut
1210 280 1307 317 succi
1346 274 1435 326 veri,
1479 280 1718 329 phlegmatis,
1748 289 1842 330 aqua

266 340 354 390 olei,
381 334 492 395 partis
519 338 710 385 tenuioris,
741 340 852 388 partis
878 333 1070 374 crassioris.
1741 382 1745 384 -
1851 344 1856 390 s

266 396 269 399 ’
319 408 358 446 4.
388 398 440 433 IN
465 395 760 433 distillationibus
783 391 925 442 optime
955 391 1157 440 inquiritur
1182 392 1217 426 <Se
1240 387 1451 425 decernitur
1486 389 1531 425 de
1555 388 1726 437 gradibus
1753 392 1790 426 ὃς
1818 391 1870 428 di-

267 450 492 489 vei-fitatibus
516 451 710 488 calorum3
750 458 789 484 ut
825 447 1045 492 carbonum,
1087 444 1189 481 furni
1217 441 1390 489 calefacli,
1421 442 1554 488 balnei,
1585 446 1767 491 cinerum,
1796 457 1871 482 are-

268 517 337 543 nae
363 505 511 552 calidae,
540 504 633 549 fimi‚
662 501 757 548 solis,
787 501 881 550 ignis
910 499 1141 549 quiescentis,
1171 498 1266 548 ignis
1289 496 1442 534 follibus
1466 499 1625 544 excitati,
1657 498 1751 547 ignis
1780 507 1868 537 con·-

267 559 354 598 clusi
370 563 406 598 ὅ(
429 556 663 604 reverberati,
693 558 826 593 caloris
841 555 1083 601 ascendentis,
1114 555 1249 590 caloris
1268 552 1538 599 descendentis,
1567 555 1602 589 ἃ
1627 553 1865 604 hujusmodi:

265 617 373 668 Quae
395 615 526 652 omnia
546 614 591 650 ad
615 622 799 664 aperturas
821 621 1038 662 corporum,
1068 612 1105 646 ὅ(
1135 610 1330 660 praecipue
1360 608 1404 644 ad
1434 607 1675 659 complicatas
1707 607 1871 646 acti-ones

267 669 447 707 dilatandi
468 672 504 706 ὅ(
529 666 774 706 contrahendi
805 664 867 714 (de
896 664 1027 713 quibus
1042 663 1165 716 postea
1180 663 1358 710 dicemus)
1378 660 1568 711 insigniter
1584 661 1736 699 faciunt.
1795 664 1872 702 Nc-

271 737 344 774 que
370 735 496 761 tamen
513 721 728 760 ullomodo
743 719 914 758 videntur
936 720 1075 756 calores
1103 717 1157 754 illi
1179 717 1385 753 imitatores
1414 719 1546 753 caloris
1576 716 1658 753 solis
1688 720 1724 754 ὃ(
1754 720 1873 755 coele-

271 778 397 818 stium3
427 790 514 815 cum
530 789 600 813 nec
615 775 697 812 satis
712 776 814 811 lenes
828 773 896 811 fint
920 776 955 810 ὅ(
970 774 1181 824 temperati,
1209 784 1280 808 nec
1295 771 1377 807 satis
1393 770 1484 808 lenti
1506 774 1541 808 &
1562 773 1786 819 continuati,
1802 785 1872 810 nee

271 833 354 870 satis
374 832 518 869 refracti
534 833 570 867 ὅ(
585 829 791 866 modificati
807 841 870 879 per
887 839 1046 876 corpora
1062 827 1197 871 media,
1227 838 1298 862 nec
1321 825 1406 862 satis
1430 828 1673 874 inaequaliter
1696 829 1871 864 acceden-

269 899 324 926 tes
351 890 387 924 ὃ(
402 886 625 923 recedentes.
681 884 740 919 De
755 883 890 930 quibus
912 882 1102 928 omnibus,
1131 880 1196 917 sub
1212 880 1327 917 titulo
1341 881 1503 918 calidi&
1523 881 1664 930 frigidi,
1693 884 1729 918 &
1757 882 1876 920 titulis

270 943 350 978 aliis
364 941 496 978 adhoc
515 936 683 990 propriis,
712 937 913 986 diligenter
929 938 1173 984 inquiremus.

326 1007 359 1043 5.
391 996 817 1031 DISTILLATIONES
848 994 885 1028 ὅ(
907 991 1143 1028 dilatationes
1172 1002 1236 1040 per
1265 1001 1322 1026 eas
1349 988 1444 1026 fiunt
1466 992 1506 1026 in
1530 989 1666 1035 clauso,
1696 990 1758 1027 ubi
1784 1003 1873 1028 con—

268 1050 470 1088 cluduntur
499 1046 606 1085 simul
626 1058 760 1095 corpus
788 1045 1050 1092 distillandum,
1081 1048 1117 1082 ὃ(
1142 1057 1295 1096 vapores
1324 1046 1388 1093 qui
1418 1057 1459 1081 ex
1491 1057 1538 1082 eo
1567 1045 1806 1093 emittuntur,
1836 1049 1873 1085 ὃς

268 1107 339 1142 a'e'r.
395 1106 532 1150 Neque
554 1113 682 1139 tamen
710 1103 751 1138 in
779 1100 975 1137 stillatoriis
996 1103 1031 1138 ὃς
1046 1100 1237 1137 alembicis
1261 1098 1526 1136 communibus
1549 1100 1749 1148 diligenter
1777 1113 1873 1138 arce-

271 1171 332 1196 tur
361 1161 418 1196 ae‘r
441 1156 625 1196 eitteri0r3
656 1155 745 1204 quin
774 1168 839 1205 per
869 1155 1028 1193 rostrum
1056 1155 1250 1201 stillatorii,
1280 1167 1344 1205 per
1365 1155 1468 1202 quod
1495 1154 1620 1202 liquor
1646 1151 1779 1202 effluit,
1810 1157 1874 1193 ille

272 1212 474 1251 subintrare
501 1213 733 1260 aliquatenus
758 1207 881 1260 poffit.
938 1211 993 1247 At
1010 1213 1048 1246 in
1066 1208 1226 1254 retortis,
1257 1208 1320 1246 ubi
1334 1211 1477 1254 maiore
1493 1208 1727 1246 vehementia
1742 1211 1874 1248 caloris

271 1281 365 1320 opus
380 1268 439 1313 est,
468 1279 549 1304 non
565 1267 674 1304 datur
695 1268 768 1303 a'e'ri
790 1264 961 1302 exteriori
982 1264 1181 1314 ingress'uss
1212 1263 1271 1300 sed
1297 1276 1339 1299 os
1368 1263 1587 1316 receptaculi
1603 1265 1661 1300 ori
1686 1263 1773 1301 vafis
1795 1265 1874 1312 (ubi

274 1335 408 1374 corpus
429 1323 652 1374 imponitur)
678 1333 743 1373 per
767 1322 970 1358 lutationes
993 1318 1041 1356 ita
1070 1320 1325 1364 continuatur,
1357 1329 1397 1355 ut
1420 1317 1607 1355 universus
1622 1319 1807 1368 processus
1823 1332 1878 1356 ra-

273 1376 483 1414 refaCtionis
505 1379 541 1414 ὃς
570 1374 807 1414 restitutionis
837 1377 937 1411 intus
966 1372 1194 1422 transigatur.
1251 1373 1366 1424 Quod
1382 1371 1407 1408 fi
1424 1385 1557 1424 corpus
1577 1370 1618 1410 fit
1634 1373 1790 1421 Plenum
1807 1375 1874 1426 spi-

271 1434 346 1468 ritu
362 1431 550 1481 vigor-oso,
582 1431 636 1478 (ut
652 1432 873 1477 vitriolum,)
907 1442 998 1480 opus
1013 1429 1062 1465 cst
1080 1429 1315 1479 receptaculo
1330 1427 1427 1465 vasto
1444 1430 1480 1464 ὃ(
1494 1429 1635 1479 amplo,
1665 1437 1705 1465 ut
1721 1440 1876 1481 vapores

269 1486 421 1524 liberius
435 1485 577 1532 ludant,
605 1498 675 1523 nec
689 1497 748 1523 vas
769 1483 988 1533 infringant.

324 1538 536 1578 assandam.
571 1552 603 1577 1.
636 1541 815 1580 UTCUN
827 1550 920 1589 QJE
936 1549 1065 1575 tamen-
1079 1536 1334 1574 distillationes
1349 1547 1529 1585 tanquam
1544 1536 1640 1574 intra
1656 1538 1790 1574 cellam
1807 1551 1874 1576 un-

271 1592 457 1644 diquaque
480 1594 637 1632 clausam
653 1592 920 1643 transigantur5
948 1594 1056 1630 datur
1080 1603 1208 1629 tamen
1233 1592 1403 1640 spatium,
1433 1602 1473 1629 ut
1489 1591 1657 1641 eorporis
1678 1594 1771 1629 aliae
1793 1605 1873 1645 par-

274 1662 326 1687 tes
355 1650 391 1686 se
419 1649 626 1698 expandere
658 1650 697 1686 in
725 1660 891 1701 vapores,
919 1649 1012 1686 aliae
1032 1645 1212 1685 subsidere
1237 1648 1276 1683 in
1302 1647 1477 1694 faecibus,
1505 1659 1659 1698 vapores
1687 1648 1810 1696 rursus
1839 1649 1877 1686 se

272 1706 482 1754 glomerare
506 1707 543 1741 ὃς
570 1704 770 1749 restituere,
799 1714 911 1751 atque
939 1701 977 1749 (fi
1005 1701 1248 1751 heterogcnei
1271 1702 1424 1750 fuerint)
1450 1703 1513 1738 alii
1544 1702 1589 1738 ab
1618 1700 1693 1739 aliis
1718 1702 1759 1739 se
1778 1703 1874 1753 sepa-

270 1772 349 1796 rare
377 1755 529 1810 pofl'mt.
587 1759 702 1810 Qiod
726 1758 889 1806 sequitur
906 1759 1019 1808 igitur
1033 1769 1104 1808 pro
1120 1757 1299 1793 mandato
1313 1769 1456 1806 magno
1471 1756 1698 1805 habendum,
1727 1759 1878 1796 eumad

275 1824 445 1851 naturam
469 1814 509 1849 in
532 1815 617 1850 imis
639 1813 942 1859 concutiendam,
972 1815 1008 1850 ὃς
1031 1812 1076 1848 ad
1099 1824 1214 1850 novas
1228 1811 1581 1849 transformationes
1601 1812 1745 1849 aditum
1773 1825 1874 1863 prae·

272 1870 360 1906 bere
384 1864 510 1920 possit.
565 1869 755 1906 Vulcanus
770 1869 875 1904 enim
889 1867 1150 1917 chymicorum
1166 1869 1202 1904 ὅ(
1217 1867 1469 1914 medicorum,
1499 1866 1600 1913 (licet
1630 1868 1749 1905 multa
1769 1870 1878 1907 utilia

272 1924 455 1972 genuerit,
484 1923 624 1970 tamen)
649 1924 804 1960 virtutes
828 1924 991 1959 veriores
1018 1923 1152 1959 caloris
1174 1918 1338 1959 fortaffis
1356 1923 1482 1959 minus
1502 1923 1721 1974 complexus
1735 1922 1794 1970 est,
1823 1925 1880 1961 ob

273 1976 435 2015 divortia
450 1980 486 2014 ὃς
501 1977 749 2029 separationes
773 1976 946 2026 partium,
975 1989 1068 2026 quae
1088 1979 1128 2014 in
1148 1976 1430 2028 operationibus
1454 1976 1620 2028 ipsorum
1648 1977 1792 2027 semper
1819 1980 1874 2016 in-

274 2030 497 2068 terveniunt.
555 2033 681 2079 Itaque
711 2031 855 2069 summa
882 2033 936 2069 rei
964 2044 1077 2080 quam
1102 2032 1322 2069 mandamus
1336 2031 1410 2069 huc
1439 2030 1600 2080 Γρεὲὶτης
1631 2042 1673 2070 ut
1693 2032 1756 2069 illa
1778 2033 1875 2083 sepa-

273 2088 371 2122 ratio
396 2088 433 2123 &
460 2085 705 2138 reciprocatio
720 2085 971 2124 rarefaffionis
993 2090 1029 2124 ὅ(
1044 2086 1348 2124 condensationis
1363 2088 1527 2124 omnino
1542 2087 1795 2136 prohibeatur,
1824 2100 1876 2126 at-

274 2153 347 2188 que
368 2153 461 2191 opus
481 2143 614 2178 caloris
636 2143 733 2178 intra
753 2154 889 2191 corpus
909 2141 1030 2193 ipsum
1054 2152 1166 2190 atque
1189 2142 1266 2186 ejus
1287 2140 1436 2179 claustra
1460 2152 1623 2179 vertatur
1640 2156 1647 2178 :
1676 2142 1751 2180 hoc
1771 2143 1875 2182 enim

271 2195 418 2245 fortasse
433 2196 616 2238 ¹Proteum
635 2195 809 2234 materiae
831 2208 897 2248 per
921 2198 1085 2234 manicas
1109 2195 1349 2234 constrictum
1372 2196 1529 2243 tenebit,
1557 2199 1594 2233 ὅ(
1626 2197 1661 2233 se
1689 2196 1876 2236 verfi0nes

272 2249 349 2286 suas
372 2251 532 2300 experiri
551 2252 588 2287 &
609 2251 781 2301 expedire
803 2252 1031 2302 compellet.⁷
1076 2252 1136 2288 De
1151 2251 1223 2288 hoc
1239 2252 1434 2303 complura
1447 2251 1558 2287 nobis
1573 2253 1612 2288 in
1628 2263 1799 2290 mentem
1815 2266 1878 2291 ve·-

269 2305 394 2349 niunt‚
424 2306 460 2340 &
478 2305 548 2341 alia
569 2306 722 2353 reperiri
745 2305 905 2354 possunt.
962 2307 1225 2357 Proponemus
1250 2307 1465 2357 exemplum
1496 2318 1613 2343 unum
1632 2317 1694 2344 aut
1710 2308 1875 2346 alterum-

273 2369 317 2394 cx
332 2357 530 2404 facillimis,
556 2359 602 2395 ad
617 2359 690 2396 hoc
703 2370 865 2407 tantum,
896 2370 936 2398 ut
951 2360 1089 2412 percipi
1109 2357 1225 2412 poflit
1240 2361 1330 2409 qui-d
1345 2360 1516 2397 velimus.

330 2422 364 2448 2.
394 2412 577 2450 ACCIPE
606 2426 666 2450 vas
689 2414 910 2461 quadratum
934 2415 1035 2460 ferri,
1073 2416 1114 2451 in
1136 2415 1252 2464 figura
1275 2415 1373 2460 cubi,
1403 2414 1609 2464 habeatque
1632 2418 1747 2454 latera
1776 2418 1873 2456 bene

276 2466 390 2503 fortia
413 2469 449 2503 ὃ(
477 2467 595 2504 crass'a.
652 2469 810 2517 Impone
834 2471 973 2508 cubum
1001 2469 1094 2519 ligni
1123 2471 1167 2506 ad
1195 2469 1409 2507 mensuram
1438 2468 1524 2508 vafis
1552 2472 1597 2507 ad
1619 2468 1794 2510 amuffim
1826 2473 1875 2512 fa-

273 2521 387 2566 ctum,
416 2523 554 2570 quique
568 2522 662 2559 illud
682 2522 831 2574 prorsus
844 2525 1014 2576 impleat„
1066 2526 1344 2576 Superponatur
1362 2526 1584 2576 operculum
1604 2525 1693 2564 ferri
1708 2540 1791 2565 non
1805 2531 1874 2576 mi-

274 2587 344 2613 nus
364 2575 463 2612 forte
488 2588 599 2624 quam
627 2577 741 2614 latera
768 2575 879 2619 vafis3
909 2581 945 2616 ὃ(
969 2581 1110 2618 lutetur
1132 2578 1287 2629 optime,
1316 2591 1425 2615 more
1449 2579 1725 2630 chymicorum,
1755 2584 1806 2620 ita
1832 2594 1877 2622 ut

274 2628 314 2666 fit
337 2626 610 2677 clausissimum,
639 2633 675 2668 ὅ(
690 2633 819 2681 ignem
833 2634 992 2670 tolerare
1006 2630 1134 2686 poffit.
1188 2634 1337 2671 Deinde
1351 2645 1515 2683 ponatur
1535 2648 1598 2674 vas
1610 2638 1708 2674 intra
1722 2649 1879 2687 prunas,>

273 2694 384 2732 atque
412 2686 463 2722 ita
491 2687 730 2733 permittatur
751 2687 796 2724 ad
813 2687 921 2725 horas
935 2689 1086 2737 aliquas.
1140 2689 1224 2727 Post
1251 2699 1468 2727 amoveatur
1484 2691 1728 2739 operculum;
1757 2695 1795 2730 &
1822 2695 1873 2731 vi-

272 2740 320 2776 de
347 2739 437 2787 quid
459 2739 596 2776 fastum
619 2737 661 2776 fit
683 2741 729 2777 de
749 2742 868 2791 ligno.
924 2743 1049 2781 Nobis
1070 2744 1223 2793 quidem
1243 2745 1401 2791 videtur,
1433 2744 1533 2791 (cum
1559 2745 1749 2793 prohibita
1762 2749 1880 2796 plane

273 2794 410 2831 fuerint
427 2793 677 2839 inflammatio
700 2798 737 2832 ὅς
759 2797 897 2843 fumus,
924 2809 1004 2845 quo
1027 2800 1153 2839 minus
1172 2800 1456 2851 pneumaticum
1482 2801 1522 2837 ὅ(
1547 2799 1749 2838 humidum
1774 2803 1874 2852 ligni

272 2847 392 2885 emitti
413 2846 637 2900 potuerint‚)
666 2851 823 2888 alterum
844 2864 886 2889 ex
901 2851 958 2889 his
977 2865 1224 2895 eventurum3
1253 2854 1311 2892 vel
1331 2864 1371 2890 ut
1387 2865 1521 2902 eorpus
1536 2854 1630 2903 ligni
1650 2866 1814 2894 vertatur
1830 2860 1870 2896 in

276 2903 467 2950 quoddam
486 2905 716 2953 amalgamas
743 2907 800 2942 vel
831 2916 871 2944 ut
892 2905 1053 2946 solvatur
1072 2910 1116 2946 in
1135 2910 1271 2956 aerem,
1308 2907 1379 2947 five
1403 2911 1697 2959 pneumaticum.
1719 2923 1870 2962 purum,

276 2954 384 3010 fimffl
408 2970 496 2995 eum
523 2957 686 2996 faecibus
715 2956 849 3009 (magis
870 2958 994 2999 crassis
1018 2974 1131 3012 quam
1154 2963 1239 3003 sunt
1267 2964 1423 3011 cineres)
1454 2961 1493 2999 in
1517 2964 1650 3011 fundo,
1688 2967 1726 3003 ἃ(
1749 2967 1870 3006 ineru-

273 3010 427 3050 flatione
447 3014 632 3052 nonnulla
652 3014 692 3051 in
715 3014 888 3054 lateribus
903 3014 999 3056 vafis,

1759 3086 1793 3123 3.
1824 3078 1869 3112 IN

1843 3212 1859 3226 κ’
