1973 3570
163 216 661 291 NA'TURALEM
697 241 793 289 ET
827 239 1578 290 EXPERIMENTALEM.

64 347 169 396 quod
191 345 407 396 languidior
430 356 583 394 magnes
603 342 750 380 attollat
777 341 920 380 ferrum
942 343 986 379 ad
1014 343 1087 380 tale
1110 343 1275 392 pondus,
1300 342 1465 392 respectu
1486 345 1665 394 ponderis

65 399 174 452 ipfius
196 401 348 452 lapidis3
378 402 415 438 ὃς
437 400 540 448 quod
554 398 717 436 maxime
736 397 935 445 virtuosus,
963 399 1078 434 etiam
1100 397 1145 435 ad
1161 400 1349 436 rationem
1366 398 1663 450 sexagecuplam3

65 458 169 506 quod
191 469 262 494 nos
285 457 325 493 in
348 464 494 492 armato
517 463 692 503 magnete
714 453 921 491 admodum
945 465 1060 502 parvo
1082 453 1162 490 fieri
1190 454 1364 492 vidimus,
1420 454 1550 503 Atque
1579 455 1663 492 satis

63 513 200 550 scimus
222 512 299 549 istas
321 510 507 548 instantias
527 509 790 546 determinatas
805 521 886 546 non
900 508 1009 545 facile
1028 519 1090 546 aut
1105 508 1210 558 saepe
1224 521 1419 546 occurrere
1436 524 1445 551 ς
1475 510 1591 548 sedin
1612 512 1662 561 ip.

62 563 105 605 so
120 566 438 617 interpretationis
466 565 665 611 curriculo,
685 573 864 612 tanquam
879 564 1082 611 auxiliares,
1113 563 1280 613 (quando
1295 577 1352 602 res
1367 567 1528 603 maxime
1543 565 1663 617 postu-

63 624 128 671 lat)
155 622 290 660 debere
306 621 460 669 exquiri.
516 620 776 658 Veruntamen
791 616 816 656 fi
839 619 938 656 forte
954 629 1164 666 occurrant,
1194 620 1314 657 modo
1330 633 1411 657 non
1429 622 1662 671 progressum

63 677 318 716 conficiendae
342 675 517 713 naturalis
539 674 709 712 historiae
732 674 845 711 nimis
868 684 1120 723 remorentur,
1150 676 1264 712 etiam
1287 676 1327 713 in
1351 675 1467 726 ipsam
1490 689 1547 714 cas
1570 676 1663 715 inse-

64 746 144 771 rere
160 743 324 782 oportet.

115 789 215 827 VIII.
247 788 272 824 F
282 796 408 831 IDEM
434 797 527 824 vero
550 797 697 829 eorum,
726 796 820 834 quae
848 786 887 823 in
912 785 1062 823 historia
1086 784 1416 836 sunt'recipienda,
1447 788 1551 836 quod
1579 790 1661 825 atti-

63 854 155 884 net3
184 840 326 880 necess'e
345 840 394 878 est
416 851 457 879 ut
481 842 544 877 illa
569 839 651 877 sunt
672 851 733 877 aut
756 840 842 878 fidei
857 851 990 887 certae,
1020 851 1081 878 aut
1096 840 1183 878 fidei
1200 842 1345 889 dubiae,
1375 853 1436 880 aut
1451 843 1537 880 fidei
1558 843 1660 880 dam-

62 909 181 936 natae.
238 898 368 946 Atque
389 898 490 946 prius
512 907 629 945 genus
652 893 866 945 simpliciter
883 896 931 933 cst
953 897 1257 946 proponendum.
1315 898 1543 946 Secundum,
1573 911 1661 936 cum

61 964 180 994 nota;
209 954 280 991 viz.
310 964 374 1001 per
402 952 560 989 verbum
588 951 757 997 traditur,
800 951 862 989 au't
890 951 1069 998 referunt,
1112 962 1174 988 aut
1203 953 1325 991 audivi
1355 966 1397 990 ex
1427 953 1500 991 fide
1528 955 1660 1003 digno,

62 1011 101 1047 &
113 1008 338 1055 hujusmodi.
395 1007 499 1045 Nam
513 1016 731 1055 argumenta
747 1005 832 1042 fidei
848 1008 887 1042 in
903 1006 1121 1043 alterutram
1143 1018 1299 1056 partem,
1328 1010 1442 1045 nimis
1458 1011 1661 1059 operosum

60 1063 162 1102 foret
177 1063 379 1101 ascribere:
410 1064 446 1099 ὃ(
461 1060 712 1111 proculdubio
727 1060 951 1098 scribentem
967 1062 1080 1097 nimis
1095 1063 1356 1100 remorabitur.
1414 1065 1551 1112 Neque
1565 1067 1661 1102 mul-

62 1130 146 1157 tum
162 1121 276 1156 etiam
291 1116 416 1164 refert,
444 1116 488 1153 ad
509 1116 548 1153 id
563 1116 665 1164 quod
682 1117 822 1165 agitur:
852 1117 1034 1165 quoniam
1052 1116 1106 1156 (ut
1123 1119 1162 1154 in
1177 1117 1393 1167 aphorismo
1405 1120 1574 1157 CXVIII.
1593 1122 1657 1159 lib.

61 1174 89 1212 1.
111 1175 286 1221 diximus)
302 1169 496 1209 falfitatem
510 1172 868 1220 experimentorum,
899 1169 966 1208 nifi
990 1184 1031 1208 ea
1052 1172 1191 1221 ubique
1210 1173 1384 1220 scateant,
1412 1176 1544 1213 veritas
1560 1178 1658 1214 axio-

61 1240 209 1267 matum
227 1229 340 1278 paulo
355 1226 434 1277 post
449 1228 660 1264 convincet.
717 1227 900 1264 Attamen
919 1225 944 1263 11
971 1226 1142 1264 instantia
1162 1228 1274 1266 fuerit
1297 1230 1477 1276 nobilior,
1505 1241 1567 1268 aut
1591 1232 1658 1271 usu

62 1283 156 1334 ipso,
184 1294 246 1322 aut
267 1284 352 1332 quia
367 1283 437 1319 alia
451 1283 569 1319 multa
585 1294 627 1318 cx
648 1283 710 1318 illa
725 1282 887 1331 pendere
911 1278 1051 1331 posfint
1068 1297 1077 1323 ;
1106 1293 1188 1320 tum
1209 1294 1310 1321 certe
1326 1286 1582 1323 nominandus
1611 1288 1660 1326 est

61 1339 217 1377 author:
247 1351 370 1387 neque
399 1338 437 1374 id
470 1338 570 1375 nude
598 1346 758 1383 tantum,
789 1336 849 1374 sed
872 1350 960 1374 cum
983 1341 1180 1376 mentione
1205 1340 1352 1387 aliqua3
1382 1345 1509 1378 utrum
1532 1343 1596 1380 ille
1617 1356 1660 1381 ex

63 1395 259 1441 relatione,
289 1404 350 1431 aut
379 1391 638 1442 exscriptione‚
683 1392 818 1440 (qualia
841 1392 1032 1439 sumsere,
1073 1397 1168 1443 'quae
1192 1393 1318 1432 scribit
1343 1396 1390 1433 C.
1416 1397 1573 1446 Plinius>
1599 1409 1661 1436 aut

60 1452 187 1499 potius
209 1460 256 1486 ex
273 1448 424 1486 seientia
437 1448 587 1498 propria
610 1448 673 1484 illa
688 1444 954 1489 affirmaverim
983 1458 1095 1497 atque
1110 1451 1223 1486 etiam
1238 1460 1366 1488 utrum
1388 1452 1500 1489 fuerit
1523 1465 1579 1490 res
1607 1453 1663 1492 sui

60 1506 255 1555 temporis,
283 1516 331 1540 an
353 1504 553 1544 vetustior-5
583 1502 743 1553 insuper,
772 1513 902 1540 utrum
924 1501 966 1540 fit
985 1505 1058 1541 tale
1079 1506 1283 1555 quippiam,
1313 1508 1417 1550 cujus
1439 1508 1581 1545 necesse
1603 1509 1660 1547 fo-

60 1564 118 1598 ret
133 1571 175 1598 ut
188 1560 301 1597 multi
321 1558 434 1596 ess’ent
455 1559 572 1605 testes,
600 1556 625 1594 fi
642 1570 773 1596 verum
789 1558 913 1600 foret3
941 1559 1117 1608 denique,
1148 1571 1276 1598 utrum
1301 1561 1436 1599 author
1459 1564 1523 1600 ille
1546 1564 1660 1603 fuerit

61 1617 286 1664 vaniloquus
309 1617 346 1651 δε
369 1615 470 1662 levis,
500 1627 547 1651 an
572 1613 714 1651 sobrius
730 1616 766 1651 ὃς
782 1612 950 1655 severus;
980 1616 1016 1652 ὃς
1040 1613 1182 1663 fimilia,
1212 1629 1306 1665 quae
1328 1617 1470 1656 faciunt
1494 1620 1538 1656 ad
1566 1632 1661 1669 pon-

60 1672 130 1709 dus
157 1670 256 1708 fidei.
314 1667 511 1707 Postremo
535 1681 591 1706 res
615 1669 812 1706 damnatae
840 1668 940 1716 fidei,
978 1672 1015 1707 ὅ(
1043 1681 1171 1708 tamen
1194 1672 1339 1716 jaeiatas
1366 1675 1403 1710 δ’(
1433 1674 1661 1717 celebratas;

60 1727 198 1776 quales,
226 1726 362 1775 partim
378 1726 561 1775 neglectu,
590 1726 726 1774 partim
739 1735 892 1774 propter
908 1724 1016 1763 usum
1030 1723 1331 1774 similitudinum,
1360 1740 1425 1777 per
1443 1730 1563 1766 multa
1585 1731 1661 1775 jam

59 1782 202 1821 saecula
223 1782 473 1827 invaluerunt,
505 1780 645 1828 (veluti,
674 1780 779 1828 quod
805 1780 951 1817 adamas
971 1781 1063 1830 liget
1078 1792 1307 1831 magnetem,
1337 1784 1467 1820 allium
1483 1795 1662 1828 enervet5

60 1838 241 1875 eledirum
256 1837 386 1873 omnia
405 1836 525 1873 trahat
539 1847 683 1886 praeter
700 1848 879 1885 ocymum
895 1850 905 1876 ς
936 1838 972 1873 ὃ(
993 1837 1062 1873 alia
1084 1838 1204 1874 multa
1219 1836 1448 1886 hujusmodi>
1469 1841 1662 1889 oportebit

59 1905 142 1930 non
157 1890 305 1929 silentio
321 1892 483 1939 rejicere,
513 1890 575 1929 sed
588 1891 710 1931 verbis
728 1887 901 1942 expreflis
915 1889 1157 1941 proscribere,
1187 1893 1313 1930 ncilla
1327 1895 1485 1944 amplius
1499 1893 1663 1934 scientiis

61 1947 229 1985 molestia
250 1945 331 1984 fint.

118 2003 419 2040 PRAETEREA
444 2015 524 2039 non
544 2003 608 2040 abs
628 2015 668 2039 re
687 2001 813 2048 fuerit,
842 1999 867 2038 fi
893 2001 992 2039 forte
1015 2003 1129 2052 origo
1148 2005 1321 2041 vanitatis
1345 2014 1408 2042 aut
1431 2005 1660 2044 credulitatis

60 2058 213 2103 alicujus
234 2067 415 2102 occurrat,
444 2058 548 2103 illam
572 2069 729 2095 notare:
758 2058 886 2104 veluti,
916 2058 1020 2106 quod
1037 2057 1172 2095 herbae
1194 2058 1332 2109 satyrio
1355 2062 1532 2098 attributa
1546 2059 1588 2099 fit
1607 2064 1662 2100 vis

61 2111 108 2151 ad
132 2112 365 2151 excitandam
390 2112 593 2160 Venerem,
624 2114 710 2162 quia
734 2112 835 2149 radix
862 2112 1000 2149 scilicet
1024 2114 1064 2150 in
1087 2112 1246 2163 figuram
1270 2115 1527 2154 testiculorum
1552 2116 1663 2154 effor-

62 2179 162 2206 mata
189 2165 251 2205 fit:
290 2168 393 2204 Cum
423 2180 548 2206 revera
571 2169 645 2206 hoe
672 2168 748 2214 fiat,
787 2169 874 2216 quia
898 2167 1105 2205 adnascitur
1130 2170 1238 2206 annis
1259 2167 1412 2219 lingulis
1433 2176 1533 2210 nova
1560 2172 1663 2208 radix

60 2222 229 2270 bulbosa,
265 2223 488 2260 adhaerente
518 2224 638 2261 radice
670 2225 760 2260 anni
791 2224 952 2273 priori83
991 2223 1091 2260 unde
1119 2224 1265 2272 didymi
1296 2226 1363 2262 illi.
1421 2226 1664 2263 Manifestum

60 2289 188 2317 autem
202 2278 276 2315 hoc
290 2278 350 2325 est,
380 2278 484 2327 quod
512 2291 611 2316 nova
631 2279 732 2315 radix
755 2278 898 2327 semper
919 2279 1131 2316 inveniatur
1152 2278 1270 2315 solida
1293 2281 1329 2316 δ(
1351 2279 1574 2328 succulenta,
1604 2294 1663 2319 ve-

61 2346 121 2372 tus
140 2334 325 2371 emarcida
348 2334 385 2371 ὅ(
407 2332 617 2383 spongiosa.
673 2335 798 2385 Quare
829 2333 883 2368 nil
907 2334 1061 2379 mirum,
1091 2330 1117 2368 fi
1139 2334 1253 2370 altera
1272 2345 1464 2383 mergatur
1492 2336 1533 2373 in
1556 2338 1662 2385 aqua,

60 2391 175 2428 altera
196 2399 298 2426 natet
315 2403 322 2425 :
353 2389 467 2441 Quod
483 2400 610 2426 tamen
625 2401 696 2438 pro
719 2400 759 2425 re
779 2389 874 2424 mIra
889 2386 1058 2434 habetur,
1088 2389 1126 2424 ὅ(
1147 2389 1300 2437 reliquis
1323 2390 1401 2436 eju‘s
1428 2384 1565 2429 herbae
1591 2392 1663 2430 vir-

59 2446 202 2484 tutibus
222 2444 488 2481 authoritatem
503 2444 657 2481 addidit.

114 2502 177 2538 IX.
211 2500 498 2537 SUPERSUNT
521 2498 774 2537 additamenta
793 2497 975 2547 quaedam
1000 2496 1171 2535 historiae
1194 2500 1374 2537 naturalis
1395 2502 1525 2543 utilia3
1554 2513 1664 2551 quae-

60 2568 135 2606 que
153 2566 237 2593 eam
251 2556 368 2604 magis
383 2555 587 2592 commode
601 2554 791 2592 inflectere
805 2554 842 2591 ὅ(
856 2557 979 2604 aptare
991 2549 1134 2603 p'osfint
1149 2553 1194 2591 ad
1208 2566 1303 2606 opus
1317 2556 1544 2607 interpretis,
1559 2557 1664 2607 quod

62 2610 236 2650 succedit.
292 2611 370 2657 IIIa,
400 2611 567 2659 quinque
588 2609 684 2647 sunt.

115 2667 341 2711 PRIMUM,
371 2666 601 2713 quaestiones
626 2665 721 2713 (non
749 2662 939 2701 causarum
967 2662 1067 2710 dico,
1097 2661 1157 2701 sed
1181 2664 1279 2714 faeti)
1311 2666 1540 2712 adjiciendae
1564 2667 1662 2715 sunt,

63 2733 104 2760 ut
120 2717 403 2771 inquisitionem
418 2721 640 2758 ulteriorem
661 2728 872 2771 provocent
887 2720 924 2755 &
939 2717 1128 2756 solicitent
1149 2733 1156 2755 :
1188 2730 1241 2767 ut,
1271 2721 1311 2757 in
1327 2721 1477 2760 historia
1491 2733 1613 2760 terrae
1627 2725 1664 2760 &

62 2778 188 2824 maris,
218 2785 347 2812 utrum
365 2787 470 2813 mare
495 2775 674 2826 Caspium
699 2775 789 2812 fluat
818 2776 855 2811 δέ
881 2772 1023 2820 refluat,
1054 2776 1091 2812 ὃ(
1113 2775 1214 2823 quali
1243 2776 1423 2815 horarum
1450 2777 1596 2828 spati03
1625 2790 1664 2816 u-

62 2843 167 2870 trum
183 2828 223 2868 lit
239 2830 361 2878 aliqua
376 2832 576 2868 continens
591 2831 764 2876 australis,
793 2841 840 2866 an
853 2830 979 2879 potius
999 2828 1140 2866 insulae
1156 2843 1165 2871 ς
1196 2832 1233 2868 ὅ(
1250 2829 1394 2869 fimilia.

120 2888 362 2932 SECUNDO,
390 2886 430 2922 in
446 2887 707 2936 experimento
729 2886 857 2933 aliquo
880 2888 985 2921 novo
1003 2886 1040 2921 ὃς
1060 2883 1266 2933 subtiliore,
1294 2886 1486 2924 addendus
1505 2888 1558 2925 -est
1584 2900 1667 2926 mo-

61 2943 132 2980 dus
153 2941 229 2992 ipse
250 2941 512 2990 experimenti,
542 2943 608 2990 qui
630 2941 817 2979 adhibitus
839 2940 911 2985 est:
943 2948 984 2976 ut
1009 2939 1172 2977 liberum
1194 2939 1236 2978 fit
1250 2941 1454 2979 hominum
1470 2943 1666 2990 iudicium,

63 3007 194 3037 utrum
216 2995 441 3034 informatio
463 3007 529 3046 per
551 2998 850 3046 experimentum
872 2991 967 3032 illud
980 2991 1022 3031 fit
1035 2994 1155 3032 fidum
1170 3007 1234 3034 aut
1247 2996 1383 3038 fallax3
1413 3008 1525 3048 atque
1552 3000 1668 3036 etiam

63 3049 245 3090 excitetur
269 3049 474 3092 hominum
492 3051 682 3102 industria,
718 3051 763 3091 ad
791 3049 1043 3102 exquirendos
1065 3046 1203 3091 modos
1229 3049 1268 3101 (fi
1292 3051 1373 3091 fieri
1394 3048 1524 3104 possit)
1550 3054 1669 3102 magis

63 3116 267 3145 accuratos.
557 3122 561 3124 ·
965 3115 982 3143 1

102 3160 113 3166 ’”
1460 3163 1668 3209 TERTIO,

1773 263 1801 309 *J
