1973 3570
238 255 655 306 ARTICULI
698 256 975 302 CIRCA
1030 255 1556 306 MINERALIA.

88 353 177 402 ¹vim
201 351 304 390 suam
319 363 489 390 exercere
511 347 626 402 poflit
640 363 734 400 aqua
756 351 879 398 fortis,
908 349 956 388 fic
971 361 1011 389 ut
1036 352 1076 389 in
1092 350 1304 402 plusculum
1320 364 1401 390 non
1424 355 1553 391 valeat.
1610 358 1706 395 Item

98 408 206 447 color
235 408 276 444 in
304 418 420 455 quem
448 408 576 455 liquor
604 406 824 444 mutabitur.
879 407 997 459 Supra
1026 405 1156 444 omnia
1185 409 1456 457 quaerendum,
1500 414 1701 459 numquod

85 461 329 509 ,menstruum
343 460 400 510 sit,
428 461 532 512 quod
548 462 703 500 metalla
724 462 918 506 dissolvere
933 458 1047 511 possit
1070 463 1166 499 citra
1186 463 1475 500 mordacitatem
1490 475 1602 513 atque
1623 478 1703 503 eor-

95 515 313 558 rofionem3
341 519 379 569 ἀ
402 517 509 567 quod
522 528 656 568 corpus
671 528 735 566 per
757 516 1004 567 sympathiam
1025 516 1174 567 aperiat,
1202 516 1279 561 sine
1294 519 1448 556 radente
1462 518 1701 570 violentaque

93 583 369 627 penetratione.

148 629 291 681 QUOD
319 627 364 665 ad
390 628 725 678 germinationem,
764 625 835 664 five
864 625 1189 675 ramificationem,
1227 626 1371 665 tametsi
1397 630 1520 667 obiter
1549 640 1700 669 tantum

92 682 169 736 fiat,
207 684 244 721 ὅ(
267 685 309 720 in
337 684 447 733 nugis
471 681 550 720 fere
574 682 763 728 habeatur,
803 684 840 719 &
867 683 984 719 animi
1015 692 1162 720 tantum
1192 682 1297 723 causa
1322 683 1436 731 faelis,
1466 697 1548 722 non
1573 696 1701 724 tamen

95 735 163 777 usu
182 740 301 788 magis
316 737 414 775 serio
436 737 666 778 destituitur3
696 748 895 788 propterea
920 737 1025 786 quod
1042 735 1298 775 subtilissimos
1322 742 1358 776 δε
1374 740 1556 788 ἀεὶίειῑῑος7
1570 752 1699 778 motus

93 792 291 844 spirituum
313 793 474 842 detegat,
511 792 666 841 quando
688 792 860 842 gestiunt,
898 805 968 830 nec
991 803 1120 831 tamen
1136 806 1334 845 erumpere
1357 795 1484 832 datur:
1522 797 1698 844 quemad—

94 847 258 886 modum
278 849 318 884 in
332 846 599 897 vegetabilibus
614 847 737 886 videre
754 849 853 885 lieet.

147 904 289 955 QUOD
302 903 348 940 ad
359 903 654 950 indurationem,
677 904 1000 949 &mollitionem,
1021 903 1301 952 quaerendum
1322 905 1502 952 quidnam
1518 903 1572 952 sit,
1594 906 1699 954 quod

95 959 248 996 metalla
267 955 398 996 senfim
419 961 457 996 ὅ(
476 957 659 1008 gradatim
685 959 837 996 duriora
858 955 1017 999 efficit-15
1057 959 1149 1007 quid
1169 959 1315 1005 itidem,
1354 959 1541 997 molliora.
1598 962 1699 998 Haec

94 1011 288 1062 inquisitio
311 1015 352 1050 in
374 1015 571 1062 geminum
594 1012 711 1050 finem
735 1014 923 1050 collineat.
982 1015 1126 1061 Primo,
1157 1015 1198 1050 in
1223 1014 1350 1054 usum3
1382 1026 1422 1052 ut
1446 1028 1534 1052 cum
1554 1015 1698 1053 ferrum

94 1070 184 1118 igne
203 1067 408 1116 molliatur,
437 1068 525 1106 facit
540 1078 581 1106 ut
601 1070 741 1105 malleo
756 1068 872 1105 cedat.
931 1069 1117 1115 Secundo,
1148 1071 1331 1117 quoniam
1351 1071 1542 1107 induratio
1558 1070 1699 1108 rixatio-

93 1125 153 1161 nis
171 1117 327 1172 quidam
344 1123 479 1173 gradus
502 1124 585 1164 est5*
601 1124 794 1160 emollitio
813 1133 952 1171 autem,
980 1125 1224 1161 volatilitatis.
1279 1125 1339 1161 De
1354 1123 1409 1161 his
1429 1137 1521 1174 ergo
1536 1126 1700 1163 instituta

40 1235 42 1237 ‚
81 1178 270 1228 quaestio,
297 1179 372 1215 illis
387 1180 510 1216 lucem
525 1178 640 1215 dabit.

147 1234 288 1286 QUOD
312 1234 357 1270 ad
372 1234 509 1270 ductile
525 1235 561 1270 ὃς
576 1232 720 1282 fragile,
749 1232 915 1278 ejusdem
940 1232 1017 1270 fere
1037 1235 1183 1283 generis
1201 1232 1295 1270 sunt.
1354 1235 1479 1283 Digna
1504 1244 1632 1272 tamen
1652 1237 1700 1274 de

93 1289 230 1337 quibus
243 1286 430 1338 sigillatim
453 1298 669 1336 quaeratur:
699 1290 907 1340 praecipue,
938 1299 978 1326 ut
993 1288 1185 1338 fragilitati
1209 1289 1384 1337 jungatur
1400 1290 1606 1331 ductilita53
1641 1304 1699 1328 ve-

80 1341 177 1392 luti,
204 1355 283 1392 quo
306 1343 447 1381 vitrum
468 1344 608 1383 malleo
631 1343 718 1381 duci
739 1342 921 1389 sustineat,
952 1346 989 1381 ὅ(
1005 1354 1045 1381 ut
1071 1343 1173 1382 enses
1190 1344 1235 1380 ad
1258 1342 1508 1386 obsistendum
1528 1347 1564 1381 δε
1588 1358 1699 1395 pene-

94 1397 272 1436 tran'dum
288 1398 400 1447 rigidi
414 1396 496 1445 finr,
527 1411 598 1435 nec
612 1409 741 1436 tamen
757 1399 875 1435 fra'Ctu
890 1399 1026 1436 faciles.

115 1494 117 1496 ,
147 1455 288 1506 QUOD
302 1454 348 1490 ad
363 1455 624 1492 volatilitatem
635 1453 927 1502 futationcmque
943 1456 1077 1491 attinet
1091 1468 1101 1495 3
1120 1454 1209 1491 haee
1224 1456 1419 1507 praecipua
1432 1455 1603 1492 membra
1616 1455 1699 1494 sunt

93 1508 141 1555 de
156 1509 291 1558 quibus
305 1520 512 1557 quaeratur.
570 1510 768 1546 Extremus
782 1509 970 1546 rixationis
982 1510 1113 1559 gradus
1129 1510 1189 1556 est,
1210 1511 1250 1546 in
1266 1522 1380 1558 quem
1392 1522 1462 1546 nec
1478 1510 1574 1547 ullus
1589 1509 1697 1560 ignis,

95 1575 168 1602 nec
191 1576 285 1613 aqua
307 1564 419 1613 stygia
438 1562 545 1602 sunul
565 1576 654 1601 cum
677 1566 777 1614 igne,
814 1564 1021 1613 quidquam
1046 1567 1192 1615 operari
1211 1566 1376 1616 poterit3
1414 1563 1439 1601 fi
1464 1575 1591 1602 tamen
1616 1569 1700 1604 talis

97 1618 263 1656 omnino
285 1619 414 1656 fixatio
449 1615 633 1671 poffibilis
655 1617 708 1656 fit.
766 1621 962 1657 Proximus
985 1618 1045 1666 cst,
1073 1620 1227 1668 quando
1250 1621 1347 1668 ignis
1370 1618 1533 1668 simplex,
1562 1620 1699 1669 absque.

94 1686 189 1723 aqua
213 1675 336 1723 aliqua
353 1674 478 1723 stygia,
508 1673 602 1712 nibil
617 1675 798 1712 movebit.
855 1674 1061 1722 Proximus,
1086 1675 1239 1723 quando
1255 1676 1307 1712 vis
1322 1673 1406 1711 artis
1426 1677 1700 1723 exploratoriae

94 1729 185 1766 ferri
205 1731 357 1779 poterit.
415 1730 624 1777 Proximus,
664 1731 817 1778 quando
843 1731 969 1779 ignem
995 1731 1087 1767 folle
1113 1743 1194 1767 non
1223 1732 1424 1767 cxcitatum
1450 1735 1546 1766 terre
1570 1728 1696 1781 postit,

95 1786 255 1831 talemve
275 1785 374 1834 ignis
394 1785 564 1834 gradum.
621 1786 818 1822 Proximus
843 1784 902 1831 est,
932 1786 1084 1833 quando
1106 1787 1234 1835 ignem
1258 1785 1355 1822 ferre
1382 1797 1462 1821 non
1482 1782 1607 1836 pollir,
1637 1786 1700 1823 sed

95 1851 225 1877 tamen
239 1841 379 1876 malleo
398 1839 557 1877 ducitur.
614 1841 790 1880 Ultimus
814 1839 873 1886 est,
904 1841 1058 1887 quando
1083 1853 1152 1877 nee
1176 1841 1336 1886 ducitur,
1366 1852 1436 1876 nee
1459 1850 1586 1877 tamen
1603 1840 1700 1888 fluit,-

96 1895 163 1937 sed
184 1895 315 1946 stupet.
371 1895 433 1932 Sic
458 1898 495 1932 ὅ(
517 1895 750 1933 volatilitatis
779 1895 945 1932 ssimmus
969 1897 1103 1945 gradus
1131 1894 1191 1942 est,
1232 1895 1385 1944 quando
1415 1894 1550 1943 absque
1576 1896 1700 1933 reditu

96 1950 272 1988 avolabit.
329 1949 538 1997 Proximus,
579 1952 731 1999 quando
765 1950 908 1988 sursum
942 1952 1096 1998 volabit,
1139 1953 1175 1988 ὃ(
1204 1964 1285 1988 non
1319 1947 1520 1987 difficulter
1551 1950 1699 1988 redibit.

95 2006 308 2055 Proximus,
335 2005 489 2053 quando
508 2004 651 2042 sursum
675 2006 817 2044 volabit
839 2006 944 2057 supra
959 2017 1082 2057 caput,
1112 2019 1177 2058 per
1193 2018 1309 2055 genus
1333 2005 1526 2054 quoddam
1547 2001 1698 2042 exuffla-

75 2058 224 2107 .tionis,
267 2062 360 2097 citra
393 2062 692 2113 vaporationem.
748 2062 957 2108 Proximus,
1000 2063 1154 2110 quando
1192 2061 1382 2109 liquescet,
1437 2058 1581 2097 tametsi
1617 2073 1700 2098 non

95 2115 280 2155 ascendat.
335 2116 545 2163 Proximus,
587 2116 740 2164 quando
768 2116 974 2162 mollescet,
1018 2115 1160 2155 tametsi
1195 2128 1277 2153 non
1306 2115 1494 2164 liquescat.
1551 2116 1610 2152 De
1642 2116 1700 2152 his

75 2171 276 2215 -oninibus
297 2170 499 2220 diligenter
523 2174 792 2220 quaerendum,
821 2174 862 2209 in
884 2173 993 2209 variis
1016 2172 1190 2219 metallis,
1219 2174 1259 2208 in
1282 2171 1455 2221 gradibus
1479 2169 1697 2220 praesertim

94 2227 259 2264 maxime
273 2227 441 2263 remotis.

149 2282 292 2334 QUOD
306 2281 352 2318 ad
376 2281 744 2328 transnmtationem‚
773 2280 844 2319 five
867 2280 1096 2323 versionem-3
1126 2280 1151 2318 fi
1167 2282 1273 2318 realis
1289 2284 1325 2317 ἅ
1350 2291 1434 2316 vera
1450 2277 1503 2325 sit,
1533 2278 1700 2316 sslmmus

99 2335 151 2373 est
169 2337 256 2381 artis
275 2348 375 2388 apex.
433 2337 555 2374 Caute
578 2348 706 2374 tamen
729 2337 775 2373 ab
795 2337 1035 2382 extractione,
1074 2335 1318 2380 restitutione,
1348 2337 1385 2371 ἅ
1411 2335 1698 2380 adulteratione,

98 2390 356 2441 distinguenda
383 2390 443 2428 est.
498 2393 677 2430 Relatum
707 2393 905 2439 aliquoties
936 2391 1027 2427 mihi
1057 2391 1116 2436 est,
1161 2390 1300 2426 ferrum
1331 2391 1370 2426 in
1401 2400 1561 2440 cuprum
1590 2392 1698 2435 verti,

75 2480 79 2482 .
96 2448 333 2498 plumboque
352 2447 499 2496 pondus
515 2448 710 2485 adausmm
729 2446 811 2492 eli'e,
841 2446 945 2494 quod
959 2446 1038 2482 fieri
1055 2447 1240 2493 nequiret,
1268 2442 1343 2481 fine
1359 2445 1528 2495 corporis
1547 2444 1700 2488 alicujus

99 2504 142 2540 in
154 2503 356 2554 plumbum
371 2500 549 2540 versione.
605 2503 872 2554 Quodcunque
888 2502 925 2538 id
945 2514 1062 2551 genus
1082 2501 1206 2546 fuerit,
1237 2500 1350 2548 idque
1365 2501 1435 2536 rite
1451 2500 1698 2550 exploratum,

99 2557 299 2608 diligenter
314 2557 596 2605 inquirendum,
626 2561 662 2595 ὅ(
682 2558 799 2594 literis
820 2554 1117 2606 consignandum
1132 2555 1240 2592 foret.

497 2653 660 2707 Qtarta
675 2652 792 2693 litera
816 2651 1013 2706 alphabeti
1028 2650 1079 2705 cst
1099 2650 1300 2704 restituti&

151 2731 319 2769 PRIMO
334 2732 448 2780 igitur
464 2728 719 2777 quaerendum
734 2728 917 2776 negative,
938 2737 1032 2773 quae
1048 2736 1206 2774 corpora
1220 2723 1413 2770 nunquam
1429 2720 1616 2764 redibunt,
1637 2724 1698 2758 aut

99 2796 252 2836 propter
271 2797 452 2824 extremas
474 2784 681 2830 fixadones,
718 2793 759 2819 ut
780 2785 819 2819 in
842 2779 1062 2829 quibusdam
1085 2776 1431 2819 vitrificationibuss
1461 2786 1523 2813 aut
1546 2782 1700 2823 propter

100 2852 304 2878 extremam
324 2840 599 2879 volatilitatem.
1155 2881 1157 2883 ι
1541 2884 1548 2891 .
1675 2882 1680 2886 ¹

104 2916 109 2925 =
151 2898 326 2948 QUAER
338 2905 512 2933 ENDUM
527 2895 641 2930 etiam
655 2893 702 2929 de
716 2892 864 2929 duobus
879 2890 1003 2927 modis
1019 2889 1257 2927 rcdufflonis.
1306 2888 1450 2931 Primo,
1473 2887 1568 2933 ignis
1583 2881 1699 2917 admi-

102 2945 242 2999 nicuLO,
269 2952 371 3000 quod
395 2951 436 2987 fit
450 2960 571 2999 partes
585 2958 734 2985 tautum
756 2947 1012 2995 homogeneas
1032 2943 1311 2994 congregando.
1340 2995 1349 3001 ἡ
1370 2940 1556 2999 Secundo,
1586 2936 1698 2999 devof

102 3005 224 3043 cando
248 3018 306 3043 eas
329 3005 560 3043 adminiculo
583 3003 754 3054 corporis
776 3002 930 3044 alicuius
954 3002 1058 3049 quod
1077 3011 1165 3037 cnm
1189 2999 1231 3035 iis
1251 2998 1450 3034 consentit.
1509 2996 1697 3050 bic-emm

101 3061 244 3098 ferrum
268 3072 424 3113 cuprum
448 3059 485 3096 in
507 3071 599 3108 aqua
625 3059 804 3097 devocat3
841 3068 972 3094 aurum
997 3066 1193 3104 argentum
1222 3055 1348 3091 vivum
1369 3052 1414 3087 ad
1435 3048 1469 3085 se
1495 3046 1606 3088 trabit
1631 3056 1695 3096 per

74 3146 79 3150 .
102 3126 290 3166 vaporem.v
344 3115 536 3167 Quicquid
551 3115 658 3160 hujus
678 3113 825 3162 generis
845 3111 969 3159 fuerit,
998 3110 1128 3149 sedulo
1146 3106 1426 3158 inquirendum.
1461 3114 1463 3116 ·

1206 3214 1223 3256 χ’
1468 3213 1695 3261 QUAEREN-

1745 257 1843 328 ao}
