1973 3570
96 194 212 245 324*
535 153 1132 228 Maximinis,-
1202 157 1529 225 TELESI

267 276 360 316 haec
368 288 460 316 cum
476 275 581 316 sacris
600 275 715 314 literis
730 274 879 329 optime
885 272 1133 313 conveniunt.
1186 275 1325 322 Neque
1346 273 1449 312 enim
1474 273 1538 323 seri
1528 284 1650 324 ptum
1665 275 1714 312 etl
1713 283 1872 329 quoq

262 334 373 385 Deus
383 333 550 384 hymen
542 345 582 370 in
595 331 776 393 principio
792 329 941 378 creavit,
959 329 1019 367 sed
1035 330 1184 372 coelum
1202 331 1237 366 ὅ(
1253 338 1401 366 terram.
1869 364 1873 368 ,

302 390 385 430 Su
397 400 419 426 B
426 399 447 439 J
459 400 487 427 U
497 399 527 426 N
539 400 564 425 G
575 399 591 424 1
600 398 624 424 T
633 398 662 425 U
671 399 699 424 R
720 385 831 423 etiam
841 361 1037 436 descriptio
1051 384 1237 421 nonnulla
1250 383 1358 421 status
1372 376 1510 429 rerum,
1504 374 1650 436 qualis
1646 382 1687 423 ru
1694 373 1762 424 erit
1774 370 1874 436 antes

270 437 384 495 opera
399 441 585 493 dierum,
576 454 615 479 in
630 454 701 493 qua
720 440 884 478 distincta
903 437 1050 477 mentio
1077 437 1119 474 f1t
1147 448 1265 475 terrae
1281 439 1318 475 &
1330 449 1458 486 aquae,
1476 450 1574 488 quae
1603 439 1686 476 sunt
1703 451 1878 495 nomina,

271 500 508 537 formarum·
499 522 509 539 ‚
537 496 600 546 sed
613 507 739 535 tamen
755 495 859 544 quod.
883 494 993 533 massa
1012 493 1215 532 secundum
1235 498 1361 530 totum
1383 504 1469 543 erat
1474 493 1659 544 informis.
1714 493 1876 548 Verum

272 546 553 605 introducitur
544 565 584 601 ιιι
612 552 839 612 parabolam.
843 546 987 601 Cupido
1009 550 1060 586 ita
1080 548 1309 598 personatuS,
1334 559 1374 584 ιιι
1388 545 1415 584 Γ
1419 558 1455 584 ι
1466 558 1590 590 tamen
1607 550 1763 595 nudus.
1767 546 1875 604 lta

272 620 348 657 que
379 609 460 658 post
490 597 588 656 illos,
612 606 676 654 qui
711 603 907 654 materiam
937 613 1086 653 ponunt
1110 603 1333 649 abstractam,
1356 602 1523 653 proxime
1553 602 1668 652 (sed
1659 617 1698 642 ιιι
1718 588 1863 651 contra

275 661 391 711 rium)
415 672 580 721 peccant
584 656 649 708 illi,
669 661 733 709 qui
755 672 837 697 eam
852 670 1001 709 ponunt
1021 670 1100 696 non
1122 668 1281 695 exutam
1337 658 1466 705 Atque
1481 659 1527 694 de
1542 658 1570 695 h
1573 670 1614 694 ac
1627 670 1666 705 re
1683 663 1876 712 quaedam,

273 714 580 777 adsperfimusin
572 715 626 762 ris,
646 728 740 764 quae
751 716 797 752 de
811 711 1198 759 demonstrationibus,
1211 713 1353 761 quales
1345 724 1385 748 m
1398 713 1593 761 materiam
1603 715 1765 761 primam
1775 726 1875 760 con·

274 771 437 818 veniant,
465 774 501 808 δε
521 771 567 808 de
582 770 830 819 heterogenea
852 766 959 818 ipsius
978 769 1167 815 materiae,
1189 779 1211 802 a
1233 768 1365 803 nobis
1357 778 1431 812 Jam
1455 765 1548 805 dicia
1569 773 1664 804 lunt.
1694 769 1791 810 -At
1783 771 1863 822 ῑ,1ι,ἰς
1872 762 1882 768 “

275 838 389 879 quern
410 837 513 862 nunc
522 823 790 875 morediemur
814 823 863 860 cst-
883 824 1053 873 proprius
1079 822 1155 866 ejus
1169 820 1223 857 rei
1244 820 1450 858 tractandae
1477 824 1590 862 locus.
1647 802 1866 865 Videndum

277 893 370 930 ergo
412 892 454 917 ex
483 882 529 916 iis
552 879 616 928 qui
639 877 817 928 principia
844 888 971 914 rerum
1003 875 1042 913 in
1069 877 1226 913 materia
1251 875 1411 912 formata
1436 870 1697 924 Γιιιιάιιειιιιιι,
1711 886 1865 941 (ιιιιιιιιιῑι

278 932 348 972 sint
372 936 441 981 illi,
475 933 539 985 qui
566 934 731 971 formam
758 930 932 981 materiae
956 928 1149 979 tribuerint
1176 931 1341 969 nativam
1368 932 1404 967 ὃς
1440 925 1592 978 nudam,
1626 935 1662 971 ὅ(
1691 936 1773 982 quj
1787 947 1866 978 ϊω-
1876 935 1878 937 ’

278 989 338 1026 sus
365 988 592 1040 superfusam
620 990 658 1025 ὃ(
691 978 874 1028 indutam.
931 984 1177 1027 Inveniuntur
1195 995 1321 1022 autem
1346 985 1509 1023 omnino
1528 996 1688 1034 quatuor
1711 989 1866 1039 opinan-

278 1042 375 1081 tium
391 1043 514 1081 sectae.
570 1045 696 1082 Prima
726 1041 774 1080 est
801 1032 948 1089 eorum,
976 1039 1038 1091 qui
1067 1052 1188 1078 unum
1214 1041 1405 1101 quippiam
1434 1040 1592 1079 aslerunt
1617 1053 1744 1085 rerum
1763 1044 1868 1098 prin·-

277 1097 433 1149 opium,
448 1096 694 1136 diversitatem
715 1107 842 1137 autem
858 1098 1005 1133 entium
1021 1093 1250 1133 constituunt
1278 1097 1319 1132 in
1350 1105 1481 1133 natura
1509 1095 1672 1142 ejusdem
1696 1099 1868 1150 principii

278 1152 380 1190 fluxu
397 1155 434 1190 ἃ
452 1152 697 1205 dispensabili
755 1152 924 1190 Secunda
943 1162 1089 1196 eorum,
1110 1150 1175 1199 qui
1203 1151 1431 1200 principium
1466 1162 1590 1189 rerum
1619 1163 1772 1201 pontin-t
1787 1152 1869 1198 sub

279 1206 408 1245 stantia
426 1209 595 1254 unicum,
619 1208 730 1256 idque
747 1207 860 1244 fixum
877 1208 913 1242 δε
928 1206 1156 1252 invariabile,
1171 1202 1416 1242 diversitatem
1434 1207 1580 1243 entium
1596 1207 1784 1246 deducunt
1802 1221 1869 1261 per

280 1262 672 1313 hujusmodipiincipii
687 1261 839 1299 diversas
853 1259 1141 1311 magnitudines,
1156 1259 1287 1308 figuras
1303 1262 1340 1297 ὅ(
1359 1258 1552 1310 posituras.
1579 1263 1708 1299 Tertia
1722 1275 1872 1312 eorum,

280 1316 347 1365 qui
359 1318 463 1367 plura
476 1317 703 1355 constituunt
724 1329 848 1354 ierum
867 1317 1070 1365 principia·
1062 1339 1073 1356 ‚
1101 1313 1396 1352 &diversitatem
1413 1314 1558 1353 entium
1577 1328 1727 1365 ponunt
1741 1319 1783 1356 in
1807 1331 1870 1357 eo-

282 1383 368 1409 rum
383 1382 682 1422 temperamento
698 1374 733 1409 5<
752 1368 942 1408 mistione
999 1371 1143 1421 Quarta
1162 1381 1227 1406 eor
1231 1381 1308 1416 um
1323 1371 1388 1419 qui
1406 1370 1552 1407 infinita
1580 1382 1641 1408 aut
1657 1372 1786 1418 saltem
1801 1386 1869 1412 ιιιι-

283 1427 427 1464 merosa
442 1426 667 1464 constituunt
682 1438 806 1463 rerum
821 1427 1012 1476 principia,
1041 1423 1103 1461 led.
1117 1423 1319 1474 specificata
1343 1426 1379 1460 δε
1393 1420 1576 1474 effigiata·
1568 1439 1578 1465 ;
1613 1425 1744 1474 quibus
1773 1426 1876 1471 nihil

282 1493 378 1531 opus
388 1492 428 1518 ut
440 1480 770 1519 comminiscantur
783 1479 935 1531 aliquid,
950 1479 1054 1527 quod
1069 1490 1122 1516 tes
1136 1478 1294 1516 deducat
1311 1478 1357 1515 ad
1372 1480 1580 1531 multiplex,
1598 1492 1685 1518 cum
1697 1487 1870 1526 naturam

281 1536 358 1581 jam
373 1549 393 1572 a
407 1535 591 1585 principio
605 1535 828 1585 disgregent.
886 1536 988 1572 Inter
1016 1546 1113 1581 quos
1135 1533 1294 1571 secunda
1314 1533 1407 1570 seclia
1426 1535 1535 1571 nobis
1562 1537 1706 1573 videtur
1732 1536 1869 1579 solum-

283 1591 405 1628 modo
420 1589 644 1643 Οῑζρῑᾶὶηεηε
663 1589 845 1636 exhibere,
867 1599 907 1627 ut
936 1588 997 1636 est,
1025 1590 1194 1627 nativum
1223 1590 1439 1626 &exutun2.
1498 1591 1622 1627 Prima
1647 1603 1736 1628 vcro
1750 1593 1868 1635 intro.-

280 1646 383 1683 ducit
399 1657 487 1683 eum
502 1656 679 1694 tanquam
693 1646 779 1683 velo
794 1644 1004 1681 discretum.
1060 1644 1190 1680 Tertia
1204 1642 1423 1681 tunicatum.
1479 1646 1617 1696 Quarta
1632 1644 1743 1683 etiam
1765 1647 1867 1685 chla-

281 1700 479 1748 mydatum
503 1703 539 1739 ὃς
557 1701 634 1738 fere
649 1700 714 1737 sub
729 1701 837 1737 larva.
893 1699 1024 1760 Atque
1050 1699 1096 1736 de
1110 1697 1261 1748 singulis
1275 1711 1388 1750 pinca
1414 1698 1579 1736 dicemus
1596 1701 1639 1737 ad
1669 1703 1869 1742 meliorem

281 1756 478 1806 parabolae
496 1756 795 1818 explicationem.
851 1753 1001 1791 Primo
994 1755 1107 1803 igitur
1123 1766 1164 1790 ex
1187 1755 1232 1790 iis
1252 1755 1317 1802 qui
1345 1766 1465 1789 unum
1494 1766 1620 1791 rerum
1644 1754 1868 1806 principium

283 1809 498 1857 statuerunt,
523 1812 719 1848 neminem
753 1808 963 1846 invenimus
986 1807 1076 1857 quid
1104 1808 1197 1846 illud
1231 1809 1278 1845 de
1301 1818 1397 1844 terra
1426 1805 1633 1846 affirmaret.
1691 1809 1872 1858 Obliabat

283 1862 421 1903 scilicet
441 1875 558 1903 terrae
573 1876 702 1903 natura
716 1865 851 1914 quieta,
875 1866 910 1901 ὅ(
926 1873 1093 1925 torpens,
1116 1865 1153 1900 ὃ(
1179 1862 1336 1899 minime
1365 1862 1487 1910 adira,
1518 1863 1578 1900 led
1607 1864 1701 1902 coeli
1721 1864 1868 1916 &iguis

283 1921 322 1957 δε
337 1919 567 1972 reliquorum
586 1922 752 1970 patiens5
795 1931 843 1956 ne
875 1919 914 1956 id
942 1920 1104 1968 cuipiam
1131 1920 1171 1955 in
1192 1929 1363 1955 mentem
1381 1917 1522 1955 veniret
1545 1919 1705 1958 aflerere.
1758 1921 1869 1967 Atta-

285 1986 377 2012 men
391 1974 507 2027 prisca
518 1974 694 2025 sapientia
710 1971 868 2013 Terram
883 1972 1094 2035 proximam
1114 1986 1133 2010 a
1148 1971 1253 2011 Chao
1277 1975 1398 2022 ponit,
1415 1975 1585 2021 coelique
1601 1977 1723 2025 primo
1737 1987 1865 2026 paren-

283 2039 376 2076 tem,
392 2030 528 2068 deinde
545 2040 724 2080 nuptam3
754 2042 796 2067 ex
824 2041 902 2078 quo
921 2029 1102 2078 conjugio
1123 2027 1261 2065 omnia
1321 2030 1456 2076 Neque
1471 2040 1665 2079 propterca
1685 2029 1758 2074 hoc
1777 2032 1868 2073 acci-

286 2061 479 2136 pieridum,
498 2097 540 2122 ac
568 2084 593 2123 fi
611 2095 754 2122 veteres
768 2096 935 2135 unquam
958 2082 1153 2120 statuissent
1174 2094 1312 2120 terram
1332 2083 1558 2134 principium
1574 2083 1741 2122 effentiae
1756 2097 1766 2126 3
1783 2105 1787 2108 -
1805 2084 1868 2124 sed

284 2138 504 2189 principium
520 2141 578 2178 vel
592 2139 775 2189 originem
791 2138 913 2189 potius
927 2137 1171 2176 schematismi
1184 2136 1254 2176 five
1275 2137 1479 2187 systematis.
1536 2139 1662 2186 Itaque
1678 2139 1866 2184 hancrcm

285 2195 331 2232 ad
349 2194 564 2244 parabolam
581 2194 798 2244 sequentem
817 2193 864 2231 de
877 2194 989 2230 coelo
1012 2194 1223 2238 rejicimuss
1254 2194 1317 2230 ubi
1338 2194 1383 2230 de
1399 2191 1603 2242 originibus
1619 2192 1868 2242 inquiremus⁵

286 2262 380 2299 quae
392 2249 439 2286 est
454 2245 654 2298 inquisitio,
679 2249 723 2286 ad
739 2248 840 2286 illam
855 2249 901 2285 de
916 2247 1113 2300 principiis,
1129 2248 1320 2297 posterior.
1462 2282 1465 2284 .

338 2304 405 2341 AT
444 2300 587 2342 Thales
618 2315 750 2356 aquam
779 2303 1006 2356 principium
1030 2315 1153 2341 rerum
1168 2303 1303 2354 posuit.
1359 2303 1518 2342 Videbat
1548 2304 1650 2340 enim
1674 2305 1868 2354 materiam

286 2358 475 2411 praecipue
489 2358 684 2410 dispensari
704 2361 744 2396 in
759 2359 930 2405 humido,
955 2357 1157 2395 humidum
1185 2360 1225 2395 in
1251 2370 1354 2406 aqua
1417 2358 1553 2395 Conse
1548 2368 1711 2396 itancut
1702 2372 1727 2395 ι
1741 2370 1867 2400 autern

287 2414 356 2450 effe
370 2413 460 2452 illud
481 2427 608 2451 rerum
622 2412 848 2474 principium
863 2424 1017 2463 ponere,
1038 2411 1077 2449 in
1097 2425 1176 2461 quo
1190 2412 1343 2449 virtutes
1359 2414 1505 2450 entium
1533 2416 1569 2450 δι
1584 2426 1605 2451 ι
1609 2415 1741 2462 ig01es,
1769 2425 1812 2462 pr
1813 2426 1868 2454 ie

286 2467 414 2505 sertim
434 2470 655 2506 elementa
633 2467 917 2518 generationum
942 2469 980 2505 &
1006 2465 1311 2504 instaurationum
1340 2463 1545 2516 potissimui
1547 2481 1593 2504 ιι
1601 2467 1867 2510 invenirentur.

288 2523 510 2560 Genituram
525 2523 743 2561 animalium
759 2523 952 2561 humidam
964 2538 977 2564 5
1020 2523 1133 2559 etiam
1147 2523 1359 2571 plantarum
1374 2521 1514 2559 semina
1527 2525 1562 2560 ἃ
1578 2523 1718 2569 nuclea,
1737 2535 1867 2570 quam

287 2576 351 2618 diu
366 2589 589 2626 vegetarent,
612 2590 682 2616 nec
699 2577 835 2616 effoeta
854 2577 980 2624 css'ent,
1000 2587 1128 2614 tenera
1143 2579 1179 2613 &
1195 2576 1334 2613 mollia.
1392 2577 1546 2616 Metalla
1562 2589 1712 2625 quoque
1736 2578 1867 2628 liques-

288 2643 373 2668 cere
393 2633 430 2668 &
452 2632 576 2679 fluere,
606 2635 642 2670 ὃς
671 2633 739 2671 ess'e
770 2643 949 2681 tanquam
977 2642 1092 2679 terrae
1120 2631 1246 2669 succos
1277 2642 1488 2677 concretos,
1521 2633 1578 2669 vel
1606 2630 1728 2682 potius
1755 2644 1869 2681 aquas

288 2685 464 2734 quasdam
501 2686 705 2725 minei-ales.
762 2689 922 2725 Terram
965 2685 1079 2738 ipsam
1108 2684 1286 2723 imbribus
1323 2697 1385 2723 aut
1420 2686 1633 2735 irrigatione
1666 2685 1867 2724 fluviorum

285 2740 505 2778 foecundari
519 2743 555 2777 ὅ(
574 2742 770 2788 instaurari,
789 2742 956 2805 nihilque
971 2741 1071 2778 aliud
1085 2740 1199 2779 videri
1214 2752 1292 2778 terr
1289 2754 1349 2777 ιιιι
1380 2743 1414 2778 &
1435 2743 1582 2788 limum,
1617 2753 1729 2788 quam
1749 2741 1867 2779 faeces

287 2798 327 2832 ὃ(
344 2795 547 2844 sedimenta
565 2808 690 2843 aquae.
744 2797 800 2834 At
816 2798 939 2834 aerem
954 2791 1164 2846 planissime
1179 2796 1247 2833 csse
1262 2808 1376 2844 aquae
1392 2797 1690 2856 expirationem
1680 2796 1790 2843 itque
1808 2809 1868 2839 ‚ex-

288 2849 387 2903 pans
378 2861 516 2887 onem
571 2849 673 2901 Quin
689 2853 724 2887 ὃ(
745 2853 874 2901 ignem
893 2851 1015 2901 ipsum
1033 2863 1115 2888 non
1137 2850 1297 2900 concipi,
1325 2863 1447 2899 neque
1471 2852 1635 2888 omnino
1650 2849 1780 2896 durare
1804 2862 1868 2888 aut

287 2906 349 2952 ali,
367 2903 434 2942 nisi
449 2917 491 2942 ex
503 2904 662 2942 humido
682 2907 718 2941 ὅ(
745 2918 809 2957 per
823 2906 1033 2944 humidum
1078 2906 1351 2957 Pinguedinem
1369 2915 1493 2943 autem
1525 2903 1625 2943 illam
1650 2897 1804 2951 humidi,
1829 2904 1869 2943 in

288 2969 362 3008 qua
379 2960 529 2997 flamma
547 2957 695 3008 &ignis
721 2959 963 2998 sustentantur
988 2963 1025 2997 ὃς
1053 2959 1111 2997 vix
1114 2971 1194 3008 unt,
1223 2958 1339 2999 videri
1372 2960 1557 3008 quandam
1580 2971 1693 3006 aquae
1717 2963 1870 2997 maturi-

282 3014 405 3052 'Tatem
427 3016 464 3051 ὅ(
485 3015 786 3052 οοιιεοὲὶιοιιειιι.
846 3017 996 3064 Corpus
1020 3014 1141 3053 rursus
1178 3018 1215 3052 ὃ(
1243 3017 1387 3052 molem
1418 3026 1533 3063 aquae
1560 3026 1622 3062 per
1644 3013 1869 3061 universum,

286 3078 330 3118 ut
350 3068 528 3108 fomitem
554 3080 814 3116 communem,
837 3069 1034 3120 dispertiri.
1093 3072 1291 3110 Oceanum
1307 3100 1309 3103 ⁴
1328 3081 1444 3109 terrac
1470 3070 1719 3113 circumfundi
1740 3083 1764 3113 ι,
1790 3070 1868 3106 vim

1059 3134 1076 3162 1
1666 3133 1866 3167 mmmmm

296 3155 367 3182 ι
