1973 3570
88 265 149 310 30

297 237 809 290 DESCRIPTIO
846 235 1091 283 onom
1131 218 1767 280 INTELL‘ECTUAL,

258 340 469 392 conspicua,
486 352 573 376 cum
590 337 683 374 nihil
704 349 745 373 cx
762 336 993 384 corporibus,
1017 346 1110 381 quae
1128 334 1259 369 oculus
1288 333 1471 369 humanus
1500 332 1613 375 videt,
1640 341 1788 367 erutum
1818 329 1859 367 fit

261 396 321 434 a'ut
339 397 497 441 eje'elum
514 407 555 431 ex
586 394 701 441 magis
721 391 926 439 profundo,
951 401 1063 437 quam
1098 387 1215 439 spatio
1238 386 1386 424 sortall'e
1420 388 1535 424 trium
1567 386 1783 423 milliarium
1815 386 1860 421 ad

264 454 499 502 plurimum3
529 448 634 496 quod
654 459 710 483 res
726 444 832 481 nihili
860 444 920 489 est,
946 445 1129 481 collatum
1159 442 1205 479 ad·
1233 444 1419 479 ambitum
1452 443 1556 491 globi
1587 440 1762 478 terrestris
1783 439 1861 477 uni-

262 506 364 544 verli.
422 507 549 552 ltaque
570 502 663 539 nihil
697 500 813 536 obstat
842 499 933 546 quin
958 498 1090 535 intima
1114 508 1232 534 terrae
1257 498 1333 546 pari
1362 498 1525 545 praedita
1557 494 1624 533 lint
1646 494 1863 532 aeternitate

263 575 305 598 ae
329 560 450 613 ipsum
467 559 628 596 coelum.
686 553 890 591 Enimvero
926 551 951 589 fi
981 564 1078 590 terra
1107 562 1292 602 pateretur
1325 551 1552 588 mutationes
1584 554 1621 587 in
1655 550 1861 600 profundo,

263 618 343 654 lieri
369 627 448 652 non
472 612 588 663 potest
612 611 704 658 quin
721 609 1009 659 consequentiae
1039 619 1166 645 earum
1194 609 1451 644 mutationum
1473 605 1583 642 eriam
1614 607 1652 642 in
1673 605 1793 641 nostra
1812 617 1865 641 re-

264 673 392 720 gione,
421 680 534 717 quam
551 667 746 711 calcamus,
770 665 929 709 majores
945 663 1044 700 casus
1073 661 1253 712 pariturae
1283 661 1431 698 fuiss'ent
1448 673 1560 708 quam
1590 661 1666 697 fieri
1685 660 1863 696 videmus.

268 727 422 763 Etenim
447 734 586 767 catum,
619 732 713 768 quae
740 719 851 755 nobis
880 717 915 753 se
945 719 1034 754 dant
1063 717 1351 768 conspiciendas,
1378 715 1632 753 mutationum
1661 714 1719 752 liic
1748 713 1867 752 versus

267 780 498 830 superficiem
512 787 644 820 terrae,
668 774 746 810 fere
762 772 796 809 se
812 772 972 809 ostendit
988 770 1085 819 quas}
1103 771 1244 820 semper
1265 770 1371 807 simul
1392 770 1496 807 causa
1527 771 1646 819 aliqua
1676 767 1880 806 manifesta-

267 835 424 883 desuper
455 828 637 880 impol‘ita,
673 840 714 864 ex
739 827 1014 877 tempestatibus
1038 828 1147 871 coeli,
1178 838 1242 876 per
1277 825 1422 872 imbres,
1454 826 1626 872 fervores,
1659 826 1694 861 ὅ(
1728 822 1868 871 similia,

269 900 312 928 ut
331 900 425 926 terra
458 886 533 934 ipsa
553 897 597 921 ex
626 883 661 919 se
687 884 722 918 δε
743 881 777 919 vi
811 880 960 932 propria
990 882 1085 918 nulli
1110 880 1317 918 admodum
1344 882 1563 926 mutationi,
1591 879 1734 917 causam
1768 891 1869 929 prac-

271 947 358 982 bere
373 942 552 982 videatur.
611 937 727 989 Quod
742 934 767 972 fi
786 936 1014 972 concedatur
1045 936 1167 985 (quod
1191 945 1289 972 certe
1305 934 1495 973 verisimile
1516 934 1581 984 est)
1606 937 1719 972 ctiam
1735 945 1883 970 terram·

272 998 389 1050 ipsam
415 1008 497 1033 non
526 994 649 1032 solum
670 989 838 1028 coelestia
870 989 908 1026 in
937 992 1110 1039 regiones
1142 990 1232 1027 a'e'ris
1259 1002 1379 1039 agere,
1406 1000 1470 1027 aut
1493 991 1632 1040 frigora
1656 988 1889 1039 expirando,s

272 1064 333 1091 aut
349 1061 482 1090 ventos
505 1047 732 1093 emittendo,
755 1056 817 1083 aut
833 1044 1049 1091 hujusmodi
1065 1044 1157 1086 alias
1186 1055 1314 1082 tamen
1345 1047 1381 1082 &
1410 1043 1471 1082 ista
1499 1044 1623 1082 omnis
1637 1046 1790 1082 varietas
1818 1055 1875 1080 re-

273 1108 363 1145 ferri
397 1104 516 1158 potest
539 1104 584 1141 ad
617 1103 791 1151 regiones
817 1111 935 1137 terrae
969 1113 1011 1137 ex
1039 1099 1266 1152 propinquo,
1295 1102 1335 1137 in
1359 1100 1493 1148 quibus
1518 1102 1694 1150 plurimas
1723 1100 1874 1136 evenire

275 1161 504 1200 mutationes
527 1162 564 1196 &
589 1160 686 1196 vices
703 1168 820 1193 nemo
843 1155 948 1192 sanus
973 1157 1174 1205 negaverit.
1233 1157 1379 1194 Verum
1408 1156 1602 1192 fatendum
1626 1153 1788 1191 omnino
1813 1154 1874 1199 est,

273 1231 319 1255 ex
335 1213 603 1267 phaenomenis
618 1223 738 1249 terrae
761 1212 877 1259 longe
895 1212 1056 1247 maxime
1076 1221 1267 1260 penetrare
1283 1212 1321 1247 in
1339 1210 1570 1259 profundum
1601 1220 1719 1246 terrae
1734 1219 1874 1254 motus,

273 1276 328 1319 ἃ,
358 1283 452 1320 quae
480 1271 557 1316 ejus
581 1267 665 1305 sunt
695 1267 853 1317 generis,
882 1268 1096 1315 eruptiones
1126 1277 1319 1314 aquarum,
1345 1266 1590 1302 cruciationes
1617 1263 1776 1313 ignium,
1802 1262 1875 1314 hia-

277 1339 337 1365 tus
353 1329 388 1363 δε
406 1323 647 1375 abruptiones
662 1333 856 1367 terrarum,
874 1323 908 1358 ὅ(
926 1319 1081 1362 fimilia3
1107 1333 1200 1370 quae
1215 1331 1342 1357 tamen
1360 1319 1433 1369 ipsa
1447 1320 1619 1358 videntur
1648 1331 1730 1356 non
1759 1318 1876 1355 insur-

277 1394 365 1432 gere
381 1394 423 1418 ex
438 1381 664 1429 longinquo,
686 1388 774 1414 cum
788 1374 948 1427 plurima
963 1376 1130 1427 ipsorum
1145 1387 1299 1423 parvum
1321 1375 1474 1422 aliquod
1504 1375 1661 1426 spatium
1689 1373 1728 1411 in
1757 1374 1877 1423 supcr-

277 1438 361 1475 ficie
376 1448 495 1474 terrae
511 1444 695 1483 occupare
720 1431 874 1468 soleant.
930 1432 1089 1481 Quanto
1117 1429 1219 1466 enim
1246 1430 1354 1466 latius
1380 1429 1539 1477 spatium
1568 1429 1606 1466 in
1638 1428 1730 1466 facie
1757 1439 1878 1465 terrae

281 1501 442 1542 occupat
460 1501 578 1527 terrae
593 1497 723 1525 motus
736 1483 807 1523 five
822 1484 921 1522 aliud
942 1487 1134 1534 quippiam
1150 1483 1377 1530 hujusmodi,
1406 1494 1514 1521 tanto
1543 1483 1659 1533 magis
1686 1483 1826 1520 radices
1840 1485 1879 1520 δε

275 1548 446 1595 origines
461 1545 539 1589 ejus
554 1543 599 1580 ad
613 1541 748 1579 viscera
775 1550 895 1577 terrae
913 1551 1107 1592 penetrare
1128 1539 1339 1589 putandum
1367 1537 1428 1587 cst,
1452 1542 1490 1577 ὃς
1514 1550 1657 1588 quanto
1684 1536 1879 1587 angustius,

280 1603 419 1639 minus.
475 1599 591 1651 Quod
608 1595 633 1634 si
647 1597 728 1646 quis
746 1594 887 1642 afferat,
908 1595 989 1632 fieri
1012 1595 1239 1645 quandoque
1267 1604 1383 1631 terrae
1412 1604 1551 1641 motus,
1574 1596 1638 1642 qui
1666 1594 1812 1643 amplos
1840 1595 1878 1630 ὅ(

279 1654 457 1708 spatiosos
476 1653 677 1704 regionum
692 1651 825 1687 traetus
839 1652 1020 1699 quatiant,
1051 1650 1198 1703 prorsus
1226 1651 1276 1687 ita
1292 1649 1350 1686 est.
1409 1650 1464 1686 At
1492 1651 1548 1686 illi
1570 1659 1670 1687 certe
1694 1660 1779 1685 raro
1798 1660 1878 1686 eve-

278 1710 404 1756 niunt,
433 1702 592 1760 suntque
620 1720 663 1744 ex
697 1703 834 1743 casibus
864 1704 1079 1752 majoribus.
1135 1707 1264 1754 ltaque
1291 1704 1517 1754 aequiparati
1545 1703 1694 1756 possimt
1721 1702 1880 1740 cometis

278 1763 573 1811 sublimioribus,
602 1763 668 1812 qui
691 1763 728 1798 ὅ(
743 1758 808 1812 ipsi
829 1758 1084 1812 infrequentes
1100 1760 1198 1799 sunt.
1253 1762 1390 1808 Neque
1406 1759 1508 1797 enim
1524 1760 1562 1797 id
1586 1761 1719 1809 agitur,
1748 1769 1788 1795 ut
1803 1769 1880 1795 ter-

281 1833 344 1859 rae
364 1818 579 1869 simpliciter
599 1817 768 1855 afferatur
784 1817 993 1863 aeternitas,
1022 1815 1084 1853 scd
1113 1826 1155 1853 ut
1182 1815 1276 1852 illud
1303 1825 1475 1867 appareat
1510 1813 1631 1866 (quod
1650 1813 1762 1851 initio
1791 1812 1880 1850 dixi-

280 1874 385 1925 mus)
409 1874 507 1911 inter
521 1874 674 1911 coelum
688 1874 725 1909 ὅ(
745 1881 894 1918 terram,
910 1881 1093 1920 quatenus
1107 1871 1153 1908 ad
1167 1869 1414 1908 constantiam
1448 1873 1485 1908 &
1513 1871 1768 1908 mutationem
1798 1880 1881 1905 non

282 1931 450 1969 multum
464 1927 643 1966 interell'e.
701 1928 839 1974 Neque
872 1938 1007 1978 operae
1035 1928 1199 1978 pretium
1214 1926 1263 1963 cst
1286 1927 1449 1975 argutari
1463 1926 1509 1963 de
1523 1923 1742 1963 aeternitate
1762 1936 1806 1961 ex
1830 1935 1883 1961 ta-

277 1985 446 2024 tionibus
465 1994 606 2030 motus,
632 1981 958 2033 quemadmodum
982 1981 1085 2019 enim
1106 1991 1235 2018 motus
1256 1979 1443 2018 circularis
1475 1982 1648 2018 terminis
1675 1991 1757 2016 non
1786 1979 1882 2016 indi-

275 2051 357 2090 get,
375 2042 427 2077 ita
441 2051 513 2077 nec
528 2038 643 2087 quies,
664 2047 776 2086 atque
790 2048 905 2085 aeque
930 2036 1178 2087 susceptivum
1199 2035 1248 2073 est
1271 2035 1497 2074 aeternitatis
1526 2047 1567 2074 ut
1594 2034 1705 2072 densa
1727 2036 1769 2071 in
1792 2035 1885 2071 loco

284 2099 323 2134 &
351 2093 647 2145 congregatione
684 2104 821 2141 magna
847 2090 1167 2129 connaturalitatis
1198 2091 1281 2129 suae
1310 2089 1516 2138 confistant,
1544 2102 1656 2140 quam
1681 2100 1724 2127 ut
1755 2090 1884 2127 tenuia

282 2160 437 2188 rotent:
466 2161 555 2187 cum
571 2159 690 2198 partes
704 2147 847 2184 avulsae
862 2147 1065 2184 amborum
1080 2147 1247 2184 ferantur
1269 2148 1377 2185 resta.
1434 2148 1560 2184 Etiam
1583 2146 1676 2183 illud
1707 2147 1747 2181 in
1775 2156 1884 2194 argu-

276 2216 460 2244 .mentum
476 2205 572 2242 sumi
587 2202 715 2253 potest,
731 2202 836 2251 quod
850 2213 969 2239 terrae
993 2203 1172 2239 interiora
1201 2202 1436 2252 corruptioni
1464 2203 1583 2251 magis
1609 2198 1771 2237 obnoxia
1801 2210 1885 2236 non

284 2259 369 2308 sint,
394 2272 508 2311 quam
523 2259 645 2309 ipsum
659 2259 837 2299 eoelum3
871 2258 977 2306 quod
996 2256 1047 2294 ibi
1077 2256 1216 2306 aliquid
1249 2258 1416 2309 deperire
1438 2255 1544 2303 solet,
1572 2257 1637 2293 ubi
1664 2253 1803 2303 aliquid
1830 2266 1885 2291 re-

279 2315 348 2366 ‘fici
369 2315 497 2367 potest.
556 2315 660 2352 Cum
680 2325 772 2350 vero
785 2311 935 2359 imbres,
955 2315 992 2350 δε
1014 2324 1108 2361 quae
1136 2313 1184 2350 de
1206 2314 1284 2350 alto
1299 2313 1489 2359 decidunt,
1509 2323 1604 2360 quae
1626 2309 1756 2348 faciem
1782 2308 1887 2359 supc-

287 2372 429 2408 riorem
445 2380 564 2407 terrae
578 2378 776 2415 renovant,
805 2369 914 2405 nullo
936 2368 1059 2405 modo
1087 2378 1277 2417 penetrare
1295 2367 1443 2419 possunt
1471 2367 1516 2403 ad
1545 2367 1727 2403 interiora
1751 2375 1885 2411 terrae,

291 2437 385 2473 quae
400 2436 529 2463 tamen
544 2424 619 2477 ipsa
633 2422 729 2461 stant
749 2424 856 2460 mole
871 2422 945 2470 sua,
968 2425 1005 2459 &
1025 2432 1170 2471 quanto
1186 2422 1253 2460 suo
1269 2437 1279 2463 5
1321 2420 1519 2459 necessario
1538 2421 1629 2467 fieri,
1654 2430 1694 2457 ut
1717 2418 1811 2456 nihil
1826 2420 1888 2456 de-

290 2481 487 2530 pendatur,
510 2479 663 2528 quando
691 2477 784 2516 nihil
812 2476 900 2515 adfit
928 2478 1033 2526 quod
1070 2477 1249 2515 succedat.
1307 2477 1510 2523 Postremo,
1539 2474 1764 2514 mutabilitas
1791 2485 1889 2522 quae

291 2536 332 2571 in
350 2534 497 2572 extimis
519 2545 638 2573 terrae
657 2534 962 2584 deprehenditur,
977 2533 1124 2571 videtur
1148 2532 1274 2582 &ipsa
1298 2545 1361 2582 per
1390 2530 1556 2569 accidens
1579 2531 1659 2568 effe.
1715 2531 1819 2568 Nam
1833 2527 1888 2566 in-

293 2589 464 2626 crustatio
479 2592 542 2626 illa
570 2602 678 2640 parva
702 2601 796 2640 quae
820 2589 866 2626 ad
898 2586 1070 2625 milliaria
1087 2600 1201 2638 pauca
1223 2587 1399 2625 deorsum
1425 2585 1572 2625 extendi
1599 2586 1745 2622 videtur
1774 2582 1890 2634 (inter

292 2656 388 2692 quos
402 2646 586 2682 terminos
608 2646 813 2696 praeclarae
829 2644 916 2680 illae
931 2639 1102 2680 officinae
1118 2645 1154 2680 ὃς
1174 2642 1344 2689 fabricae,
1367 2643 1577 2694 plantarum
1599 2651 1736 2689 nempe
1757 2641 1794 2676 ὅ(
1818 2641 1889 2677 mi·

295 2699 493 2745 ncralimn,
521 2697 818 2748 concluduntur)
846 2699 991 2736 nullam
1027 2698 1106 2735 fere
1132 2696 1336 2747 reciperent
1359 2699 1588 2742 varietatem,
1610 2696 1734 2732 multo
1762 2696 1889 2732 minus

294 2765 374 2791 tam
398 2754 549 2805 pulchra
572 2758 607 2791 &
625 2755 811 2792 elaborata
827 2753 992 2800 artificia,
1017 2750 1084 2790 nifi
1104 2765 1145 2790 ea
1167 2765 1249 2802 pars
1281 2764 1401 2790 terrae
1422 2764 1443 2788 a
1467 2749 1684 2789 coelestibus
1704 2758 1890 2798 pateretur

298 2812 336 2846 ὃ(
359 2818 540 2858 perpetuo
566 2810 809 2847 vellicaretur.
864 2809 982 2861 Quod
1017 2807 1043 2845 si
1063 2810 1146 2855 quis
1180 2808 1359 2845 existimet
1385 2807 1547 2844 calorem
1570 2808 1607 2842 ὅ(
1635 2803 1711 2841 vim
1734 2805 1891 2842 aetivam

279 2897 282 2899 Α
298 2864 384 2901 solis
400 2865 436 2900 ὅ(
451 2863 664 2901 coelestium
680 2863 868 2902 universae
882 2873 1000 2901 terrae
1018 2859 1303 2901 craffitudinem
1321 2861 1614 2900 transverberare
1629 2859 1728 2909 posse
1743 2873 1753 2899 3
1793 2861 1822 2897 is
1836 2859 1891 2897 su-

280 2951 284 2955 ,
301 2918 524 2970 perstitiosus
539 2920 574 2954 δε
590 2918 769 2955 fanaticus
784 2918 925 2956 censeri
944 2915 1079 2967 possit5
1111 2930 1198 2956 cum
1218 2917 1365 2966 liquido
1377 2925 1498 2966 pateat
1516 2927 1631 2963 quarn
1646 2926 1761 2966 parvo
1788 2915 1892 2960 obje-

280 2975 364 3010 ctu
393 2986 435 3011 ea
450 2973 598 3011 retundi
627 2976 664 3010 &
696 2973 861 3010 cohiberi
879 2970 1032 3022 poflint.
1088 2973 1220 3022 Atque
1252 2974 1298 3010 de
1318 2968 1518 3009 constantia
1547 2979 1665 3006 terrae
1693 2969 1890 3007 hactenus:

301 3029 508 3066 videndum
532 3030 606 3076 jam
624 3028 670 3065 de
691 3027 941 3065 mutabilitate
955 3027 1180 3069 coelestium.
1237 3029 1369 3065 Primo
1398 3026 1512 3075 igitur
1537 3036 1620 3061 non
1649 3035 1690 3061 ea
1706 3024 1891 3061 utendum

301 3082 352 3120 est
366 3085 523 3131 ratione,
540 3084 768 3121 mutationes
795 3083 836 3118 in
859 3083 970 3119 coelo
989 3095 1071 3120 non
1093 3081 1184 3129 fieri,
1207 3081 1292 3131 quia
1319 3080 1386 3119 sub
1413 3079 1600 3131 aspectum
1624 3079 1793 3116 nostrum
1811 3091 1891 3119 non

285 3137 466 3181 ¹veniunt.
522 3138 727 3191 Aspectum
745 3135 847 3176 enim
861 3136 1005 3177 frustrat
1021 3140 1058 3176 ὅ(
1071 3138 1148 3176 loci
1163 3136 1344 3184 distantia,
1371 3137 1418 3174 &e
1432 3135 1524 3174 lueis
1542 3131 1615 3172 ssve
1642 3134 1798 3175 exceffus
1823 3132 1894 3172 five

1719 3187 1895 3237 defectus,
