1973 3570
1746 247 1843 302 233

119 430 166 486 F
167 449 307 486 rane.
335 426 540 486 Baeoni
589 421 889 510 aphorismi
936 427 1015 498 &³
1064 431 1299 512 confilia,
1344 426 1409 491 de
1450 439 1677 500 auxilli}

287 514 501 588 mentis,
546 510 625 582 &³
652 514 943 595 accenfione
970 514 1191 575 luminis
1220 519 1514 580 naturalis.

74 663 353 781 'HOMO
380 683 533 711 naturae
556 672 722 711 minister
743 675 780 712 δε
800 675 995 725 interpres,
1022 684 1171 713 tantum
1197 676 1284 713 facit
1307 679 1344 715 ὅ(
1368 678 1556 732 intelligit,
1585 697 1699 733 quan-

240 739 323 767 tum
353 728 400 766 de
423 728 558 766 ordine
582 738 735 767 naturae
763 741 878 783 opere
905 731 966 770 vel
992 740 1122 768 mente
1145 731 1422 775 observaverim
1449 747 1520 774 nee
1539 743 1700 790 amplius

0 776 1 824 Ῑ
28 776 34 779 ‚
91 788 201 823 novit
229 795 290 821 aut
310 784 439 835 potest.

144 840 325 877 MANUS
348 839 516 876 hominis
540 840 650 888 nuda,
679 842 919 890 quantumvis
936 840 1082 878 robusta
1106 843 1143 878 ὅ(
1162 842 1344 891 constans,
1373 845 1418 882 ad
1443 858 1556 899 opera
1583 862 1696 900 pauca

90 898 128 933 &
141 895 249 932 facile
265 893 454 945 sequentia
469 891 603 932 sufficit
621 910 628 932 2
658 897 789 934 eadem
805 908 878 946 ope
893 895 1245 944 instrumentorum,
1274 899 1394 937 multa
1417 902 1454 938 δ(
1475 904 1695 946 ΓςΙιιξῒεωῑίῑῑ

91 950 218 991 vincit.
238 954 247 958 ’
276 951 417 987 Similis
445 948 495 987 est
515 952 551 987 δε
567 953 706 989 mentis
729 953 838 989 ratio.

142 1007 219 1043 le
229 1017 252 1042 Τ
262 1017 287 1042 R
297 1016 369 1042 ΠΜ
380 1017 437 1042 EN
449 1017 503 1042 TA
515 1017 658 1053 manus,
675 1018 827 1045 motum
839 1017 901 1045 aut
919 1006 1018 1045 cient
1032 1016 1094 1045 aut
1110 1017 1266 1057 regunt3
1283 1008 1575 1052 &instrumenta
1590 1027 1695 1054 men-

87 1063 133 1098 tis
153 1060 358 1098 intellectui
376 1071 439 1098 aut
456 1060 657 1110 suggerunt
672 1072 734 1100 aut
748 1073 891 1100 cavent.
1071 1057 1073 1059 ¹

143 1117 298 1154 SUPER
319 1116 443 1153 datam
460 1118 635 1153 materiae
651 1115 763 1154 basim
778 1127 951 1154 naturam
965 1117 1135 1166 quamvis
1156 1118 1366 1169 imponere,
1397 1122 1493 1158 intra
1508 1127 1694 1165 terminos

85 1167 287 1222 poffibiles,
317 1172 482 1208 intentio
505 1171 554 1208 est
573 1171 757 1209 humanae
773 1173 976 1221 potentiae.
1034 1173 1216 1209 Similiter
1235 1173 1312 1209 dati
1328 1173 1479 1214 effeetus
1500 1179 1540 1214 in
1558 1184 1692 1228 quovis

38 1242 40 1244 ·
84 1227 250 1271 subjecto
274 1225 395 1263 causas
417 1226 531 1272 noffe,
569 1227 736 1264 intentio
758 1227 807 1264 est
835 1226 1020 1265 humanae
1042 1226 1242 1264 scientiae:
1271 1240 1366 1277 quae
1385 1228 1617 1272 intentiones
1648 1238 1690 1275 in

83 1282 184 1319 idem
208 1281 443 1318 coincidunt.
500 1283 604 1320 Nam
618 1281 722 1330 quod
737 1283 778 1320 in
793 1283 1121 1334 contemplatione
1145 1279 1257 1320 instar
1276 1283 1403 1323 causae
1418 1286 1478 1334 est,
1508 1289 1547 1325 in
1564 1301 1691 1342 opera-

82 1339 189 1375 tione
206 1337 315 1373 instar
331 1336 447 1373 medii
462 1335 522 1373 est.

135 1394 231 1445 QUI
262 1391 406 1429 causam
422 1392 574 1437 alicujus
594 1402 760 1440 naturae,
776 1394 891 1431 veluti
907 1392 1100 1440 albedinis,
1129 1403 1192 1431 aut
1209 1392 1343 1432 caloris
1358 1396 1400 1432 in
1415 1398 1524 1434 certis
1539 1408 1689 1439 tantum

80 1447 250 1493 subjectis
264 1448 402 1488 novit3
432 1447 511 1493 ejus
534 1447 687 1484 scientia
712 1449 929 1497 imperfecta
954 1449 1013 1485 est.
1070 1450 1117 1485 Et
1137 1447 1200 1497 qui
1221 1448 1402 1500 effeciuni
1419 1451 1526 1502 super
1546 1465 1688 1494 certam

80 1513 229 1540 tantum
251 1503 458 1549 materiam,
487 1515 529 1539 ex
545 1504 588 1539 iis
603 1515 697 1551 quae
713 1503 797 1541 sunt
816 1502 1078 1556 susceptibiles,
1098 1504 1275 1542 inducere
1290 1504 1432 1554 potest;
1459 1508 1538 1555 ejus
1550 1520 1687 1560 poten·

80 1557 130 1595 tia
148 1559 286 1610 pariter
300 1558 347 1594 est
363 1558 590 1607 imperfeCia.

132 1614 230 1666 QUI
258 1612 379 1651 causas
405 1623 559 1650 naturae
582 1613 736 1657 alicujus
762 1614 803 1651 in
832 1612 1017 1663 aliquibus
1041 1613 1210 1660 subjectis
1232 1624 1380 1652 tantum
1405 1619 1525 1664 novit,
1553 1616 1582 1657 is
1606 1619 1685 1660 effi.

75 1669 240 1707 cientem
256 1678 317 1706 aut
339 1670 572 1705 materiatam
587 1668 732 1705 causam
751 1670 872 1716 novit,
900 1681 995 1718 quae
1011 1668 1136 1706 causae
1165 1669 1283 1706 fluxae
1310 1669 1448 1719 sunt&
1467 1674 1562 1711 nihil
1582 1677 1686 1715 aliud

77 1735 189 1771 quam
205 1723 384 1769 vehicula,
415 1726 452 1760 δε
474 1722 599 1760 causae
619 1723 784 1760 formam
805 1724 1025 1762 deferentes.
1082 1725 1159 1776 Qui
1182 1735 1307 1762 autem
1329 1727 1513 1764 unitatem
1529 1741 1684 1770 naturae

77 1779 118 1815 in
135 1778 296 1816 materiis
311 1775 570 1815 diflimillimis
585 1779 888 1830 comprehendit,
918 1782 948 1816 is
970 1779 1112 1817 formas
1137 1791 1264 1817 rerum
1280 1782 1401 1818 novit.

131 1834 229 1884 QUI
259 1830 463 1871 efficientes
479 1836 515 1870 &
533 1835 743 1870 materiatas
760 1834 881 1872 causas
901 1836 1021 1881 novit,
1050 1836 1080 1871 is
1102 1835 1326 1884 jampridem
1348 1836 1500 1875 inventa
1524 1851 1682 1893 compo-

75 1890 134 1926 nit
148 1899 211 1926 aut
226 1889 371 1934 dividit,
401 1897 462 1925 aut
477 1888 654 1925 transfert
677 1899 739 1926 aut
754 1890 955 1939 producit3
983 1891 1097 1927 etiam
1119 1889 1163 1926 ad
1179 1902 1276 1927 nova
1292 1889 1442 1928 inventa
1462 1894 1502 1930 in
1525 1898 1683 1935 materia

75 1945 308 1992 aliquatenus
331 1941 440 1980 fimili
464 1945 500 1981 ὃ(
522 1955 732 1996 praeparata
759 1946 959 1995 pertingit:
989 1947 1176 1982 terminos
1204 1957 1329 1983 rerum
1354 1945 1459 1984 altius
1487 1948 1579 1987 fixos
1598 1963 1682 1990 non

74 2009 216 2045 movet.

127 2055 225 2106 QUI
253 2054 395 2091 formas
414 2054 534 2100 novit,
564 2054 595 2090 is
618 2065 712 2102 quae
732 2054 852 2092 adhue
875 2054 969 2093 faeta
993 2067 1075 2092 non
1097 2052 1192 2102 sunt,
1223 2057 1345 2104 qualia
1365 2068 1436 2094 nee
1455 2067 1608 2098 naturae
1628 2063 1680 2099 vi-

72 2106 316 2156 cissitudines,
346 2121 415 2146 nec
440 2110 749 2160 experimentales
772 2110 969 2148 industriae
999 2122 1165 2158 unquam
1194 2112 1235 2147 in
1264 2111 1387 2148 astum
1412 2113 1679 2164 produxissent,

70 2176 195 2213 neque
210 2163 482 2214 cogitationem
497 2164 702 2201 humanam
718 2164 881 2203 subitura
896 2165 1056 2212 fuissent,
1084 2165 1226 2215 detegit
1242 2168 1279 2203 &
1294 2166 1431 2204 educit.

124 2220 299 2257 EADEM
327 2218 377 2256 est
406 2220 569 2258 veritatis
593 2221 629 2256 ὅ(
652 2220 841 2271 potestatis
870 2219 927 2258 via
952 2223 989 2258 ὅ(
1014 2220 1220 2270 perfeffio:
1249 2220 1340 2258 haec
1368 2221 1443 2273 ipsa
1467 2233 1508 2260 ut
1532 2223 1678 2263 formae

71 2286 197 2312 rerum
220 2274 482 2317 inveniantur3
511 2287 554 2311 ex
573 2286 733 2323 quarum
758 2277 897 2312 notitia
924 2275 1088 2324 sequitur
1114 2274 1389 2327 contemplatio
1411 2288 1498 2313 vera
1524 2279 1561 2315 ὅς
1590 2291 1677 2330 ope-

70 2331 169 2367 ratio
189 2329 314 2367 libera.

125 2387 151 2422 F
158 2396 411 2422 ORMARUM
437 2386 610 2423 inventio
629 2382 780 2436 simplex
805 2385 853 2422 cst
878 2386 915 2422 ὅ(
930 2385 1051 2431 unica,
1081 2396 1175 2432 quae
1191 2384 1362 2436 procedit
1376 2396 1442 2434 per
1456 2393 1676 2428 naturarum

71 2438 322 2478 exclusionem
350 2438 420 2478 five
443 2441 700 2487 rejefflonem.
755 2441 903 2477 Omnes
924 2440 1028 2476 enim
1059 2450 1222 2485 naturae,
1252 2451 1346 2488 quae
1366 2449 1429 2478 aut
1443 2441 1528 2479 data
1542 2455 1679 2484 natura

68 2495 259 2546 praesente
275 2494 417 2542 absunt,
446 2506 507 2532 aut
527 2496 611 2532 data
631 2506 761 2532 natura
776 2494 927 2532 absente
942 2493 1085 2541 adsunt,
1114 2506 1157 2531 ex
1172 2494 1295 2532 forma
1315 2507 1397 2532 non
1422 2495 1530 2538 sunt3
1561 2509 1675 2548 atque

68 2550 149 2601 post
168 2551 412 2594 rejectionem
441 2561 503 2588 aut
532 2552 776 2600 negationem
806 2546 1048 2602 completam,
1078 2560 1205 2586 manet
1235 2549 1359 2587 forma
1386 2553 1423 2588 δε
1452 2547 1670 2592 affirmatio.

68 2606 240 2655 Exempli
267 2607 396 2654 gratia,
436 2603 461 2642 fi
489 2606 623 2642 caloris
645 2605 810 2642 formam
839 2606 1015 2653 inquiras,
1054 2606 1090 2641 ὃ(
1115 2617 1248 2653 aquam
1278 2605 1464 2643 calentem
1493 2608 1672 2657 invenias,

67 2673 140 2698 nec
159 2660 335 2707 lucidam,
363 2661 473 2705 rejice
488 2662 643 2697 lumen:
674 2659 698 2697 fi
722 2663 847 2698 aerem
875 2671 1030 2697 tenuem
1050 2660 1229 2706 invenias,
1259 2671 1329 2696 nec
1355 2661 1531 2708 calidum,
1561 2664 1674 2709 rejice

68 2717 304 2753 tenuitatem.
360 2717 445 2752 Hoc
460 2717 570 2752 breve
586 2715 687 2752 distu
706 2716 754 2752 est
769 2729 779 2756 3
810 2715 870 2752 sed
887 2716 1008 2764 longo
1028 2716 1186 2752 circuitu
1203 2715 1247 2751 ad
1263 2714 1339 2751 hoc
1352 2718 1586 2765 pervenitur.

121 2771 184 2808 PR
195 2782 316 2808 oLAT
328 2782 341 2807 1
351 2783 375 2807 o
396 2771 600 2808 verborum
613 2772 905 2820 contemplativa
916 2780 976 2807 aut
987 2771 1174 2819 operativa
1187 2782 1225 2806 re
1235 2781 1316 2806 non
1326 2769 1519 2809 differunt.
1566 2774 1671 2810 Cum-

68 2827 172 2862 cnim
187 2826 260 2863 hoc
274 2826 377 2871 dicis,
408 2827 537 2862 lumen
559 2837 639 2862 non
656 2824 704 2862 est
718 2838 760 2862 ex
777 2826 901 2862 forma
921 2826 1052 2861 caloris
1069 2839 1078 2865 ς
1108 2825 1210 2862 idem
1232 2823 1280 2861 cst
1295 2836 1336 2862 ac
1355 2823 1381 2862 st
1400 2825 1518 2863 dicas:
1549 2829 1589 2864 in
1611 2839 1666 2865 ca-

68 2881 148 2917 lore
162 2882 410 2931 producendo
424 2894 504 2918 non
521 2879 660 2916 neceffc
676 2880 736 2927 est,
766 2891 806 2918 ut
827 2882 940 2917 etiam
957 2881 1087 2917 lumen
1108 2880 1301 2931 producas.

569 2987 740 3043 Reliqua
755 2993 833 3027 ποκ’
849 2995 961 3027 erant
975 2985 1165 3042 perfic‘la.

120 3082 294 3134 NEQUE
316 3083 405 3122 haec
420 3086 578 3122 numine
598 3083 724 3122 nostro
740 3094 841 3121 eunt.
897 3085 970 3129 Tu,
1003 3084 1120 3129 Pater,
1148 3083 1347 3121 conversus
1366 3083 1411 3120 ad
1432 3094 1557 3132 opera,
1573 3097 1666 3132 quae

66 3137 235 3175 fecerunt
256 3149 388 3176 manus
407 3150 504 3187 tua-e,
532 3139 651 3178 vidisti
673 3139 777 3188 quod
798 3140 929 3176 onmia
954 3138 1067 3175 ess'ent
1097 3138 1197 3176 bona
1226 3139 1356 3176 valde:
1386 3138 1508 3175 homo
1538 3149 1664 3176 autem

1465 3198 1667 3230 conversus
