<?xml version="1.0" encoding="UTF-8"?>
<!DOCTYPE html PUBLIC "-//W3C//DTD XHTML 1.0 Transitional//EN"
    "http://www.w3.org/TR/xhtml1/DTD/xhtml1-transitional.dtd">
<html xmlns="http://www.w3.org/1999/xhtml" xml:lang="en" lang="en">
 <head>
  <title>
</title>
<meta http-equiv="Content-Type" content="text/html;charset=utf-8" />
  <meta name='ocr-system' content='tesseract 3.04.00' />
  <meta name='ocr-capabilities' content='ocr_page ocr_carea ocr_par ocr_line ocrx_word'/>
</head>
<body>
  <div class='ocr_page' id='page_1' title='image "./worksoffrancisba02baco_0204.png"; bbox 0 0 1973 3570; ppageno 0'>
   <div class='ocr_carea' id='block_1_1' title="bbox 459 198 1740 250">
    <p class='ocr_par' dir='ltr' id='par_1_1' title="bbox 459 198 1740 250">
     <span class='ocr_line' id='line_1_1' title="bbox 459 198 1740 250; baseline -0.002 -1"><span class='ocrx_word' id='word_1_1' title='bbox 459 200 926 250; x_wconf 84' lang='lat' dir='ltr'>HISTORIA</span> <span class='ocrx_word' id='word_1_2' title='bbox 961 198 1287 247; x_wconf 91' lang='lat' dir='ltr'>SONIET</span> <span class='ocrx_word' id='word_1_3' title='bbox 1326 199 1740 247; x_wconf 89' lang='lat' dir='ltr'><strong>AUDITUS.</strong></span> 
     </span>
    </p>
   </div>
   <div class='ocr_carea' id='block_1_2' title="bbox 290 293 1910 995">
    <p class='ocr_par' dir='ltr' id='par_1_2' title="bbox 290 293 1897 401">
     <span class='ocr_line' id='line_1_2' title="bbox 290 293 1897 347; baseline 0 -11"><span class='ocrx_word' id='word_1_4' title='bbox 290 294 373 336; x_wconf 89' lang='lat' dir='ltr'>soni</span> <span class='ocrx_word' id='word_1_5' title='bbox 393 295 560 335; x_wconf 86' lang='lat' dir='ltr'>formam</span> <span class='ocrx_word' id='word_1_6' title='bbox 588 296 657 333; x_wconf 84' lang='lat' dir='ltr'>effe</span> <span class='ocrx_word' id='word_1_7' title='bbox 680 297 844 346; x_wconf 83' lang='lat' dir='ltr'>aliquam</span> <span class='ocrx_word' id='word_1_8' title='bbox 868 293 1062 333; x_wconf 75' lang='lat' dir='ltr'>elisionem</span> <span class='ocrx_word' id='word_1_9' title='bbox 1085 296 1144 333; x_wconf 89' lang='lat' dir='ltr'>vel</span> <span class='ocrx_word' id='word_1_10' title='bbox 1171 304 1325 333; x_wconf 89' lang='lat' dir='ltr'>motum</span> <span class='ocrx_word' id='word_1_11' title='bbox 1349 294 1585 332; x_wconf 87' lang='lat' dir='ltr'>manifestum</span> <span class='ocrx_word' id='word_1_12' title='bbox 1611 297 1773 334; x_wconf 85' lang='lat' dir='ltr'>localem</span> <span class='ocrx_word' id='word_1_13' title='bbox 1793 297 1897 347; x_wconf 67' lang='lat' dir='ltr'>aeris,</span> 
     </span>
     <span class='ocr_line' id='line_1_3' title="bbox 292 347 1089 401; baseline -0.005 -10"><span class='ocrx_word' id='word_1_14' title='bbox 292 355 381 392; x_wconf 90' lang='lat' dir='ltr'>licet</span> <span class='ocrx_word' id='word_1_15' title='bbox 395 353 471 390; x_wconf 92' lang='lat' dir='ltr'>hoc</span> <span class='ocrx_word' id='word_1_16' title='bbox 490 348 686 389; x_wconf 87' lang='lat' dir='ltr'>efficientis</span> <span class='ocrx_word' id='word_1_17' title='bbox 700 354 799 390; x_wconf 88' lang='lat' dir='ltr'>vices</span> <span class='ocrx_word' id='word_1_18' title='bbox 814 351 949 388; x_wconf 88' lang='lat' dir='ltr'>habere</span> <span class='ocrx_word' id='word_1_19' title='bbox 964 347 1089 401; x_wconf 78' lang='lat' dir='ltr'>possit.</span> 
     </span>
    </p>

    <p class='ocr_par' dir='ltr' id='par_1_3' title="bbox 293 405 1910 995">
     <span class='ocr_line' id='line_1_4' title="bbox 347 405 1900 460; baseline -0.001 -15"><span class='ocrx_word' id='word_1_20' title='bbox 347 409 493 460; x_wconf 74' lang='lat' dir='ltr'>QUAN</span> <span class='ocrx_word' id='word_1_21' title='bbox 503 419 561 445; x_wconf 85' lang='lat' dir='ltr'>Do</span> <span class='ocrx_word' id='word_1_22' title='bbox 571 418 632 457; x_wconf 64' lang='lat' dir='ltr'>QU</span> <span class='ocrx_word' id='word_1_23' title='bbox 642 418 655 443; x_wconf 93' lang='lat'>1</span> <span class='ocrx_word' id='word_1_24' title='bbox 665 419 691 444; x_wconf 89' lang='lat' dir='ltr'><em>D</em></span> <span class='ocrx_word' id='word_1_25' title='bbox 700 418 722 442; x_wconf 86' lang='lat' dir='ltr'>E</span> <span class='ocrx_word' id='word_1_26' title='bbox 733 417 766 442; x_wconf 90' lang='grc' dir='ltr'><strong>Μ</strong></span> <span class='ocrx_word' id='word_1_27' title='bbox 778 405 890 444; x_wconf 85' lang='lat' dir='ltr'>sonus</span> <span class='ocrx_word' id='word_1_28' title='bbox 902 416 980 443; x_wconf 86' lang='lat' dir='ltr'>tam</span> <span class='ocrx_word' id='word_1_29' title='bbox 994 405 1118 443; x_wconf 91' lang='lat' dir='ltr'>subito</span> <span class='ocrx_word' id='word_1_30' title='bbox 1130 415 1343 454; x_wconf 82' lang='lat' dir='ltr'>generetur,</span> <span class='ocrx_word' id='word_1_31' title='bbox 1369 405 1405 441; x_wconf 72' lang='grc' dir='ltr'>δε</span> <span class='ocrx_word' id='word_1_32' title='bbox 1421 405 1608 442; x_wconf 90' lang='lat' dir='ltr'>continuo</span> <span class='ocrx_word' id='word_1_33' title='bbox 1619 416 1756 456; x_wconf 86' lang='lat' dir='ltr'>pereat,</span> <span class='ocrx_word' id='word_1_34' title='bbox 1778 407 1900 447; x_wconf 86' lang='lat' dir='ltr'>neces-</span> 
     </span>
     <span class='ocr_line' id='line_1_5' title="bbox 294 458 1900 512; baseline 0 -11"><span class='ocrx_word' id='word_1_35' title='bbox 294 463 330 500; x_wconf 87' lang='lat' dir='ltr'>se</span> <span class='ocrx_word' id='word_1_36' title='bbox 352 463 499 501; x_wconf 89' lang='lat' dir='ltr'>videtur</span> <span class='ocrx_word' id='word_1_37' title='bbox 519 472 561 500; x_wconf 91' lang='lat' dir='ltr'>ut</span> <span class='ocrx_word' id='word_1_38' title='bbox 583 472 645 498; x_wconf 80' lang='lat' dir='ltr'>aut</span> <span class='ocrx_word' id='word_1_39' title='bbox 660 462 855 511; x_wconf 83' lang='lat' dir='ltr'>generatio</span> <span class='ocrx_word' id='word_1_40' title='bbox 878 461 954 506; x_wconf 71' lang='lat' dir='ltr'>eius</span> <span class='ocrx_word' id='word_1_41' title='bbox 977 463 1100 497; x_wconf 82' lang='lat' dir='ltr'>a&#39;e&#39;rem</span> <span class='ocrx_word' id='word_1_42' title='bbox 1118 461 1165 497; x_wconf 93' lang='lat' dir='ltr'>de</span> <span class='ocrx_word' id='word_1_43' title='bbox 1188 458 1249 496; x_wconf 90' lang='lat' dir='ltr'>sua</span> <span class='ocrx_word' id='word_1_44' title='bbox 1269 469 1399 496; x_wconf 85' lang='lat' dir='ltr'>natura</span> <span class='ocrx_word' id='word_1_45' title='bbox 1423 460 1575 508; x_wconf 85' lang='lat' dir='ltr'>paulum</span> <span class='ocrx_word' id='word_1_46' title='bbox 1600 460 1760 508; x_wconf 78' lang='lat' dir='ltr'>dejiciat,</span> <span class='ocrx_word' id='word_1_47' title='bbox 1789 472 1900 512; x_wconf 87' lang='lat' dir='ltr'>atque</span> 
     </span>
     <span class='ocr_line' id='line_1_6' title="bbox 293 511 1900 567; baseline 0 -11"><span class='ocrx_word' id='word_1_48' title='bbox 293 520 468 556; x_wconf 87' lang='lat' dir='ltr'>interitus</span> <span class='ocrx_word' id='word_1_49' title='bbox 490 518 567 561; x_wconf 80' lang='lat' dir='ltr'>ejus</span> <span class='ocrx_word' id='word_1_50' title='bbox 588 529 675 554; x_wconf 90' lang='lat' dir='ltr'>cum</span> <span class='ocrx_word' id='word_1_51' title='bbox 701 514 882 556; x_wconf 59' lang='lat' dir='ltr'>restituam</span> <span class='ocrx_word' id='word_1_52' title='bbox 911 525 952 553; x_wconf 93' lang='lat' dir='ltr'>ut</span> <span class='ocrx_word' id='word_1_53' title='bbox 975 518 1016 552; x_wconf 93' lang='lat' dir='ltr'>in</span> <span class='ocrx_word' id='word_1_54' title='bbox 1039 511 1380 564; x_wconf 82' lang='lat' dir='ltr'>compreflionibus</span> <span class='ocrx_word' id='word_1_55' title='bbox 1395 526 1589 562; x_wconf 89' lang='lat' dir='ltr'>aquarum,</span> <span class='ocrx_word' id='word_1_56' title='bbox 1618 517 1683 552; x_wconf 89' lang='lat' dir='ltr'>ubi</span> <span class='ocrx_word' id='word_1_57' title='bbox 1708 528 1843 567; x_wconf 85' lang='lat' dir='ltr'>corpus</span> <span class='ocrx_word' id='word_1_58' title='bbox 1858 521 1900 556; x_wconf 90' lang='lat' dir='ltr'>in</span> 
     </span>
     <span class='ocr_line' id='line_1_7' title="bbox 294 567 1901 622; baseline 0.001 -11"><span class='ocrx_word' id='word_1_59' title='bbox 294 585 431 622; x_wconf 86' lang='lat' dir='ltr'>aquam</span> <span class='ocrx_word' id='word_1_60' title='bbox 446 573 624 619; x_wconf 64' lang='lat' dir='ltr'>injeC&#39;tum</span> <span class='ocrx_word' id='word_1_61' title='bbox 647 572 860 622; x_wconf 82' lang='lat' dir='ltr'>complures</span> <span class='ocrx_word' id='word_1_62' title='bbox 881 572 1041 608; x_wconf 89' lang='lat' dir='ltr'>circulos</span> <span class='ocrx_word' id='word_1_63' title='bbox 1062 567 1197 607; x_wconf 87' lang='lat' dir='ltr'>efficiat</span> <span class='ocrx_word' id='word_1_64' title='bbox 1212 569 1251 606; x_wconf 90' lang='lat' dir='ltr'>in</span> <span class='ocrx_word' id='word_1_65' title='bbox 1275 572 1390 618; x_wconf 83' lang='lat' dir='ltr'>aquis,</span> <span class='ocrx_word' id='word_1_66' title='bbox 1420 571 1485 618; x_wconf 85' lang='lat' dir='ltr'>qui</span> <span class='ocrx_word' id='word_1_67' title='bbox 1500 569 1728 621; x_wconf 87' lang='lat' dir='ltr'>proveniunt</span> <span class='ocrx_word' id='word_1_68' title='bbox 1748 584 1791 610; x_wconf 85' lang='lat' dir='ltr'>ex</span> <span class='ocrx_word' id='word_1_69' title='bbox 1806 585 1901 622; x_wconf 88' lang='lat' dir='ltr'>aqua</span> 
     </span>
     <span class='ocr_line' id='line_1_8' title="bbox 295 622 1905 679; baseline 0.001 -14"><span class='ocrx_word' id='word_1_70' title='bbox 295 630 463 678; x_wconf 89' lang='lat' dir='ltr'>primum</span> <span class='ocrx_word' id='word_1_71' title='bbox 487 626 702 679; x_wconf 85' lang='lat' dir='ltr'>compressa,</span> <span class='ocrx_word' id='word_1_72' title='bbox 741 626 877 663; x_wconf 89' lang='lat' dir='ltr'>deinde</span> <span class='ocrx_word' id='word_1_73' title='bbox 901 628 941 663; x_wconf 89' lang='lat' dir='ltr'>in</span> <span class='ocrx_word' id='word_1_74' title='bbox 964 625 1067 664; x_wconf 86' lang='lat' dir='ltr'>suam</span> <span class='ocrx_word' id='word_1_75' title='bbox 1091 623 1363 663; x_wconf 84' lang='lat' dir='ltr'>consistentiam</span> <span class='ocrx_word' id='word_1_76' title='bbox 1387 627 1424 662; x_wconf 76' lang='grc' dir='ltr'>ὅ(</span> <span class='ocrx_word' id='word_1_77' title='bbox 1446 622 1723 662; x_wconf 86' lang='lat' dir='ltr'>dimensionem</span> <span class='ocrx_word' id='word_1_78' title='bbox 1748 626 1786 664; x_wconf 89' lang='lat' dir='ltr'>se</span> <span class='ocrx_word' id='word_1_79' title='bbox 1808 629 1905 666; x_wconf 80' lang='lat' dir='ltr'>resti-</span> 
     </span>
     <span class='ocr_line' id='line_1_9' title="bbox 296 680 1901 732; baseline 0 -11"><span class='ocrx_word' id='word_1_80' title='bbox 296 693 427 721; x_wconf 86' lang='lat' dir='ltr'>tuente</span> <span class='ocrx_word' id='word_1_81' title='bbox 449 682 503 731; x_wconf 89' lang='lat' dir='ltr'>(id</span> <span class='ocrx_word' id='word_1_82' title='bbox 519 682 622 731; x_wconf 88' lang='lat' dir='ltr'>quod</span> <span class='ocrx_word' id='word_1_83' title='bbox 645 691 796 719; x_wconf 87' lang='lat' dir='ltr'>motum</span> <span class='ocrx_word' id='word_1_84' title='bbox 812 681 993 718; x_wconf 80' lang='lat' dir='ltr'>libertatis</span> <span class='ocrx_word' id='word_1_85' title='bbox 1013 681 1197 732; x_wconf 84' lang='lat' dir='ltr'>appellare</span> <span class='ocrx_word' id='word_1_86' title='bbox 1214 680 1476 718; x_wconf 85' lang='lat' dir='ltr'>consuevimus</span> <span class='ocrx_word' id='word_1_87' title='bbox 1488 681 1512 727; x_wconf 79' lang='lat'>3)</span> <span class='ocrx_word' id='word_1_88' title='bbox 1543 689 1605 717; x_wconf 85' lang='lat' dir='ltr'>aut</span> <span class='ocrx_word' id='word_1_89' title='bbox 1622 692 1766 728; x_wconf 90' lang='lat' dir='ltr'>contra,</span> <span class='ocrx_word' id='word_1_90' title='bbox 1796 684 1901 731; x_wconf 87' lang='lat' dir='ltr'>quod</span> 
     </span>
     <span class='ocr_line' id='line_1_10' title="bbox 299 731 1907 788; baseline 0 -13"><span class='ocrx_word' id='word_1_91' title='bbox 299 740 494 788; x_wconf 81' lang='lat' dir='ltr'>generatio</span> <span class='ocrx_word' id='word_1_92' title='bbox 518 737 600 774; x_wconf 93' lang='lat' dir='ltr'>soni</span> <span class='ocrx_word' id='word_1_93' title='bbox 622 734 664 773; x_wconf 90' lang='lat' dir='ltr'>sit</span> <span class='ocrx_word' id='word_1_94' title='bbox 688 731 880 788; x_wconf 85' lang='lat' dir='ltr'>impreffio</span> <span class='ocrx_word' id='word_1_95' title='bbox 903 746 1005 785; x_wconf 79' lang='lat' dir='ltr'>grata</span> <span class='ocrx_word' id='word_1_96' title='bbox 1028 739 1065 774; x_wconf 75' lang='grc' dir='ltr'>ὃ(</span> <span class='ocrx_word' id='word_1_97' title='bbox 1088 737 1283 782; x_wconf 81' lang='lat' dir='ltr'>benevola,</span> <span class='ocrx_word' id='word_1_98' title='bbox 1322 748 1415 784; x_wconf 88' lang='lat' dir='ltr'>quae</span> <span class='ocrx_word' id='word_1_99' title='bbox 1440 734 1475 771; x_wconf 91' lang='lat' dir='ltr'>se</span> <span class='ocrx_word' id='word_1_100' title='bbox 1500 733 1659 773; x_wconf 76' lang='lat' dir='ltr'>insinuat</span> <span class='ocrx_word' id='word_1_101' title='bbox 1683 738 1769 783; x_wconf 74' lang='lat' dir='ltr'>a‘e’ri,</span> <span class='ocrx_word' id='word_1_102' title='bbox 1800 740 1837 775; x_wconf 89' lang='lat'>&amp;</span> <span class='ocrx_word' id='word_1_103' title='bbox 1858 739 1907 775; x_wconf 84' lang='lat' dir='ltr'>ad</span> 
     </span>
     <span class='ocr_line' id='line_1_11' title="bbox 301 789 1907 842; baseline -0.001 -12"><span class='ocrx_word' id='word_1_104' title='bbox 301 806 415 842; x_wconf 87' lang='lat' dir='ltr'>quam</span> <span class='ocrx_word' id='word_1_105' title='bbox 438 793 599 830; x_wconf 82' lang='lat' dir='ltr'>libenter</span> <span class='ocrx_word' id='word_1_106' title='bbox 621 793 681 827; x_wconf 75' lang='lat' dir='ltr'>a&#39;er</span> <span class='ocrx_word' id='word_1_107' title='bbox 696 790 732 828; x_wconf 88' lang='lat' dir='ltr'>se</span> <span class='ocrx_word' id='word_1_108' title='bbox 757 792 913 831; x_wconf 81' lang='lat' dir='ltr'>exeitat3</span> <span class='ocrx_word' id='word_1_109' title='bbox 942 793 978 827; x_wconf 90' lang='lat'>&amp;</span> <span class='ocrx_word' id='word_1_110' title='bbox 999 792 1174 827; x_wconf 85' lang='lat' dir='ltr'>interitus</span> <span class='ocrx_word' id='word_1_111' title='bbox 1200 791 1277 835; x_wconf 83' lang='lat' dir='ltr'>ejus</span> <span class='ocrx_word' id='word_1_112' title='bbox 1292 789 1334 827; x_wconf 86' lang='lat' dir='ltr'>sit</span> <span class='ocrx_word' id='word_1_113' title='bbox 1359 803 1379 827; x_wconf 84' lang='lat' dir='ltr'>a</span> <span class='ocrx_word' id='word_1_114' title='bbox 1400 789 1435 827; x_wconf 89' lang='lat' dir='ltr'>vi</span> <span class='ocrx_word' id='word_1_115' title='bbox 1458 791 1582 838; x_wconf 88' lang='lat' dir='ltr'>aliqua</span> <span class='ocrx_word' id='word_1_116' title='bbox 1608 790 1772 838; x_wconf 81' lang='lat' dir='ltr'>inimica,</span> <span class='ocrx_word' id='word_1_117' title='bbox 1811 804 1907 841; x_wconf 86' lang='lat' dir='ltr'>quae</span> 
     </span>
     <span class='ocr_line' id='line_1_12' title="bbox 303 841 1908 896; baseline -0.002 -11"><span class='ocrx_word' id='word_1_118' title='bbox 303 851 428 885; x_wconf 82' lang='lat' dir='ltr'>a&#39;e&#39;rem</span> <span class='ocrx_word' id='word_1_119' title='bbox 448 858 495 883; x_wconf 90' lang='lat' dir='ltr'>eo</span> <span class='ocrx_word' id='word_1_120' title='bbox 515 856 624 883; x_wconf 90' lang='lat' dir='ltr'>motu</span> <span class='ocrx_word' id='word_1_121' title='bbox 647 849 759 893; x_wconf 86' lang='lat' dir='ltr'>atque</span> <span class='ocrx_word' id='word_1_122' title='bbox 782 841 1025 896; x_wconf 85' lang='lat' dir='ltr'>impressione</span> <span class='ocrx_word' id='word_1_123' title='bbox 1049 846 1189 882; x_wconf 87' lang='lat' dir='ltr'>diutius</span> <span class='ocrx_word' id='word_1_124' title='bbox 1202 845 1276 881; x_wconf 91' lang='lat' dir='ltr'>frui</span> <span class='ocrx_word' id='word_1_125' title='bbox 1299 857 1379 882; x_wconf 90' lang='lat' dir='ltr'>non</span> <span class='ocrx_word' id='word_1_126' title='bbox 1404 843 1506 885; x_wconf 77' lang='lat' dir='ltr'>sinit3</span> <span class='ocrx_word' id='word_1_127' title='bbox 1536 856 1576 881; x_wconf 91' lang='lat' dir='ltr'>ut</span> <span class='ocrx_word' id='word_1_128' title='bbox 1601 844 1640 881; x_wconf 89' lang='lat' dir='ltr'>in</span> <span class='ocrx_word' id='word_1_129' title='bbox 1663 849 1908 894; x_wconf 80' lang='lat' dir='ltr'>generatione</span> 
     </span>
     <span class='ocr_line' id='line_1_13' title="bbox 305 899 1910 954; baseline 0.001 -14"><span class='ocrx_word' id='word_1_130' title='bbox 305 901 412 954; x_wconf 89' lang='lat' dir='ltr'>ipsius</span> <span class='ocrx_word' id='word_1_131' title='bbox 426 902 596 950; x_wconf 88' lang='lat' dir='ltr'>corporis</span> <span class='ocrx_word' id='word_1_132' title='bbox 614 900 801 947; x_wconf 86' lang='lat' dir='ltr'>flammae,</span> <span class='ocrx_word' id='word_1_133' title='bbox 830 902 871 936; x_wconf 94' lang='lat' dir='ltr'>in</span> <span class='ocrx_word' id='word_1_134' title='bbox 886 912 958 948; x_wconf 89' lang='lat' dir='ltr'>qua</span> <span class='ocrx_word' id='word_1_135' title='bbox 977 902 1172 949; x_wconf 78' lang='lat' dir='ltr'>generatio</span> <span class='ocrx_word' id='word_1_136' title='bbox 1186 900 1360 938; x_wconf 86' lang='lat' dir='ltr'>flammae</span> <span class='ocrx_word' id='word_1_137' title='bbox 1375 900 1521 939; x_wconf 86' lang='lat' dir='ltr'>videtur</span> <span class='ocrx_word' id='word_1_138' title='bbox 1541 899 1622 937; x_wconf 85' lang='lat' dir='ltr'>fieri</span> <span class='ocrx_word' id='word_1_139' title='bbox 1637 901 1818 949; x_wconf 82' lang='lat' dir='ltr'>alacriter,</span> <span class='ocrx_word' id='word_1_140' title='bbox 1847 902 1910 941; x_wconf 90' lang='lat' dir='ltr'>sed</span> 
     </span>
     <span class='ocr_line' id='line_1_14' title="bbox 306 952 1173 995; baseline -0.005 0"><span class='ocrx_word' id='word_1_141' title='bbox 306 959 352 995; x_wconf 83' lang='lat' dir='ltr'>ab</span> <span class='ocrx_word' id='word_1_142' title='bbox 367 959 448 993; x_wconf 66' lang='lat' dir='ltr'>a&#39;elre</span> <span class='ocrx_word' id='word_1_143' title='bbox 462 958 498 993; x_wconf 74' lang='grc' dir='ltr'>ὅ(</span> <span class='ocrx_word' id='word_1_144' title='bbox 512 956 678 992; x_wconf 89' lang='lat' dir='ltr'>inimicis</span> <span class='ocrx_word' id='word_1_145' title='bbox 692 952 921 992; x_wconf 81' lang='lat' dir='ltr'>circumfusis</span> <span class='ocrx_word' id='word_1_146' title='bbox 935 956 1014 992; x_wconf 90' lang='lat' dir='ltr'>cito</span> <span class='ocrx_word' id='word_1_147' title='bbox 1028 955 1173 992; x_wconf 88' lang='lat' dir='ltr'>destrui.</span> 
     </span>
    </p>
   </div>
   <div class='ocr_carea' id='block_1_3' title="bbox 309 1007 1938 3151">
    <p class='ocr_par' dir='ltr' id='par_1_4' title="bbox 309 1007 1915 1331">
     <span class='ocr_line' id='line_1_15' title="bbox 361 1007 1911 1060; baseline 0.003 -13"><span class='ocrx_word' id='word_1_148' title='bbox 361 1013 387 1048; x_wconf 84' lang='lat' dir='ltr'>F</span> <span class='ocrx_word' id='word_1_149' title='bbox 398 1021 680 1056; x_wconf 83' lang='lat' dir='ltr'>ISTULATIO,</span> <span class='ocrx_word' id='word_1_150' title='bbox 711 1021 805 1058; x_wconf 90' lang='lat' dir='ltr'>quae</span> <span class='ocrx_word' id='word_1_151' title='bbox 828 1009 868 1047; x_wconf 90' lang='lat' dir='ltr'>fit</span> <span class='ocrx_word' id='word_1_152' title='bbox 894 1022 959 1060; x_wconf 90' lang='lat' dir='ltr'>per</span> <span class='ocrx_word' id='word_1_153' title='bbox 983 1022 1025 1046; x_wconf 86' lang='lat' dir='ltr'>os</span> <span class='ocrx_word' id='word_1_154' title='bbox 1049 1009 1185 1059; x_wconf 86' lang='lat' dir='ltr'>absque</span> <span class='ocrx_word' id='word_1_155' title='bbox 1206 1009 1330 1058; x_wconf 82' lang='lat' dir='ltr'>aliqua</span> <span class='ocrx_word' id='word_1_156' title='bbox 1347 1009 1500 1047; x_wconf 82' lang='lat' dir='ltr'>admota</span> <span class='ocrx_word' id='word_1_157' title='bbox 1521 1009 1648 1056; x_wconf 82' lang='lat' dir='ltr'>fistula,</span> <span class='ocrx_word' id='word_1_158' title='bbox 1678 1007 1792 1059; x_wconf 87' lang='lat' dir='ltr'>poffit</span> <span class='ocrx_word' id='word_1_159' title='bbox 1814 1008 1911 1051; x_wconf 81' lang='lat' dir='ltr'>effici</span> 
     </span>
     <span class='ocr_line' id='line_1_16' title="bbox 309 1064 1914 1117; baseline 0.002 -14"><span class='ocrx_word' id='word_1_160' title='bbox 309 1065 478 1115; x_wconf 67' lang='lat' dir='ltr'>sugendo</span> <span class='ocrx_word' id='word_1_161' title='bbox 493 1065 703 1102; x_wconf 86' lang='lat' dir='ltr'>anhelitum</span> <span class='ocrx_word' id='word_1_162' title='bbox 717 1064 840 1102; x_wconf 87' lang='lat' dir='ltr'>versus</span> <span class='ocrx_word' id='word_1_163' title='bbox 860 1067 1040 1102; x_wconf 87' lang='lat' dir='ltr'>interiora</span> <span class='ocrx_word' id='word_1_164' title='bbox 1058 1066 1182 1117; x_wconf 85' lang='lat' dir='ltr'>palati,</span> <span class='ocrx_word' id='word_1_165' title='bbox 1210 1078 1291 1103; x_wconf 89' lang='lat' dir='ltr'>non</span> <span class='ocrx_word' id='word_1_166' title='bbox 1313 1065 1435 1103; x_wconf 89' lang='lat' dir='ltr'>solum</span> <span class='ocrx_word' id='word_1_167' title='bbox 1456 1065 1690 1103; x_wconf 88' lang='lat' dir='ltr'>extrudendo</span> <span class='ocrx_word' id='word_1_168' title='bbox 1705 1067 1914 1106; x_wconf 86' lang='lat' dir='ltr'>anhelitum</span> 
     </span>
     <span class='ocr_line' id='line_1_17' title="bbox 310 1119 1914 1169; baseline 0.002 -11"><span class='ocrx_word' id='word_1_169' title='bbox 310 1121 356 1158; x_wconf 87' lang='lat' dir='ltr'>ad</span> <span class='ocrx_word' id='word_1_170' title='bbox 383 1131 493 1157; x_wconf 77' lang='lat' dir='ltr'>extra.</span> <span class='ocrx_word' id='word_1_171' title='bbox 550 1119 680 1167; x_wconf 88' lang='lat' dir='ltr'>Atque</span> <span class='ocrx_word' id='word_1_172' title='bbox 695 1121 805 1169; x_wconf 86' lang='lat' dir='ltr'>plane</span> <span class='ocrx_word' id='word_1_173' title='bbox 829 1119 953 1157; x_wconf 85' lang='lat' dir='ltr'>omnis</span> <span class='ocrx_word' id='word_1_174' title='bbox 974 1120 1131 1157; x_wconf 88' lang='lat' dir='ltr'>sorbitio</span> <span class='ocrx_word' id='word_1_175' title='bbox 1151 1121 1243 1158; x_wconf 83' lang='lat' dir='ltr'>a&#39;etis</span> <span class='ocrx_word' id='word_1_176' title='bbox 1258 1120 1302 1157; x_wconf 90' lang='lat' dir='ltr'>ad</span> <span class='ocrx_word' id='word_1_177' title='bbox 1326 1122 1484 1158; x_wconf 85' lang='lat' dir='ltr'>interius</span> <span class='ocrx_word' id='word_1_178' title='bbox 1503 1121 1565 1157; x_wconf 88' lang='lat' dir='ltr'>dat</span> <span class='ocrx_word' id='word_1_179' title='bbox 1590 1120 1724 1157; x_wconf 87' lang='lat' dir='ltr'>sonum</span> <span class='ocrx_word' id='word_1_180' title='bbox 1748 1124 1914 1161; x_wconf 85' lang='lat' dir='ltr'>nonnul—</span> 
     </span>
     <span class='ocr_line' id='line_1_18' title="bbox 309 1175 1914 1227; baseline 0.001 -13"><span class='ocrx_word' id='word_1_181' title='bbox 309 1178 403 1214; x_wconf 87' lang='lat' dir='ltr'>lum.</span> <span class='ocrx_word' id='word_1_182' title='bbox 459 1175 575 1227; x_wconf 73' lang='lat' dir='ltr'>Quod</span> <span class='ocrx_word' id='word_1_183' title='bbox 604 1175 763 1224; x_wconf 78' lang='lat' dir='ltr'>dignum</span> <span class='ocrx_word' id='word_1_184' title='bbox 789 1176 996 1213; x_wconf 87' lang='lat' dir='ltr'>admodum</span> <span class='ocrx_word' id='word_1_185' title='bbox 1025 1186 1160 1213; x_wconf 83' lang='lat' dir='ltr'>notatu</span> <span class='ocrx_word' id='word_1_186' title='bbox 1184 1175 1371 1214; x_wconf 84' lang='lat' dir='ltr'>videatur:</span> <span class='ocrx_word' id='word_1_187' title='bbox 1410 1178 1497 1224; x_wconf 89' lang='lat' dir='ltr'>quia</span> <span class='ocrx_word' id='word_1_188' title='bbox 1517 1175 1627 1213; x_wconf 83' lang='lat' dir='ltr'>sonus</span> <span class='ocrx_word' id='word_1_189' title='bbox 1649 1187 1849 1224; x_wconf 76' lang='lat' dir='ltr'>generatur</span> <span class='ocrx_word' id='word_1_190' title='bbox 1871 1179 1914 1216; x_wconf 90' lang='lat' dir='ltr'>in</span> 
     </span>
     <span class='ocr_line' id='line_1_19' title="bbox 310 1228 1915 1284; baseline 0.002 -16"><span class='ocrx_word' id='word_1_191' title='bbox 310 1231 544 1268; x_wconf 86' lang='lat' dir='ltr'>eontrarium</span> <span class='ocrx_word' id='word_1_192' title='bbox 574 1241 702 1267; x_wconf 85' lang='lat' dir='ltr'>motus</span> <span class='ocrx_word' id='word_1_193' title='bbox 728 1231 911 1269; x_wconf 88' lang='lat' dir='ltr'>manifesti</span> <span class='ocrx_word' id='word_1_194' title='bbox 939 1232 1042 1278; x_wconf 71' lang='lat' dir='ltr'>aeris,</span> <span class='ocrx_word' id='word_1_195' title='bbox 1078 1241 1119 1268; x_wconf 92' lang='lat' dir='ltr'>ut</span> <span class='ocrx_word' id='word_1_196' title='bbox 1142 1232 1264 1284; x_wconf 87' lang='lat' dir='ltr'>prima</span> <span class='ocrx_word' id='word_1_197' title='bbox 1291 1232 1383 1268; x_wconf 79' lang='lat' dir='ltr'>a&#39;eris</span> <span class='ocrx_word' id='word_1_198' title='bbox 1410 1228 1584 1282; x_wconf 82' lang='lat' dir='ltr'>impulsio</span> <span class='ocrx_word' id='word_1_199' title='bbox 1609 1230 1780 1270; x_wconf 86' lang='lat' dir='ltr'>videatur</span> <span class='ocrx_word' id='word_1_200' title='bbox 1804 1235 1915 1283; x_wconf 86' lang='lat' dir='ltr'>plane</span> 
     </span>
     <span class='ocr_line' id='line_1_20' title="bbox 311 1282 1163 1331; baseline -0.002 -6"><span class='ocrx_word' id='word_1_201' title='bbox 311 1282 475 1325; x_wconf 85' lang='lat' dir='ltr'>efficiens</span> <span class='ocrx_word' id='word_1_202' title='bbox 491 1294 696 1331; x_wconf 86' lang='lat' dir='ltr'>remotum,</span> <span class='ocrx_word' id='word_1_203' title='bbox 725 1297 796 1322; x_wconf 89' lang='lat' dir='ltr'>nec</span> <span class='ocrx_word' id='word_1_204' title='bbox 815 1284 856 1323; x_wconf 86' lang='lat' dir='ltr'>sit</span> <span class='ocrx_word' id='word_1_205' title='bbox 872 1299 913 1323; x_wconf 85' lang='lat' dir='ltr'>ex</span> <span class='ocrx_word' id='word_1_206' title='bbox 930 1286 1054 1323; x_wconf 85' lang='lat' dir='ltr'>forma</span> <span class='ocrx_word' id='word_1_207' title='bbox 1069 1286 1163 1323; x_wconf 91' lang='lat' dir='ltr'>soni.</span> 
     </span>
    </p>

    <p class='ocr_par' dir='ltr' id='par_1_5' title="bbox 313 1338 1921 1652">
     <span class='ocr_line' id='line_1_21' title="bbox 369 1338 1916 1392; baseline 0.001 -14"><span class='ocrx_word' id='word_1_208' title='bbox 369 1342 392 1378; x_wconf 88' lang='lat' dir='ltr'>S</span> <span class='ocrx_word' id='word_1_209' title='bbox 404 1351 519 1377; x_wconf 84' lang='lat' dir='ltr'>IMIL</span> <span class='ocrx_word' id='word_1_210' title='bbox 531 1351 544 1377; x_wconf 93' lang='lat'>1</span> <span class='ocrx_word' id='word_1_211' title='bbox 555 1351 578 1376; x_wconf 83' lang='lat' dir='ltr'>T</span> <span class='ocrx_word' id='word_1_212' title='bbox 589 1351 648 1377; x_wconf 85' lang='lat' dir='ltr'>ER</span> <span class='ocrx_word' id='word_1_213' title='bbox 674 1338 699 1377; x_wconf 88' lang='lat' dir='ltr'>si</span> <span class='ocrx_word' id='word_1_214' title='bbox 714 1339 911 1390; x_wconf 85' lang='lat' dir='ltr'>accipiatur</span> <span class='ocrx_word' id='word_1_215' title='bbox 935 1343 1096 1379; x_wconf 87' lang='lat' dir='ltr'>vitreum</span> <span class='ocrx_word' id='word_1_216' title='bbox 1113 1353 1241 1389; x_wconf 89' lang='lat' dir='ltr'>ovum,</span> <span class='ocrx_word' id='word_1_217' title='bbox 1271 1351 1381 1389; x_wconf 88' lang='lat' dir='ltr'>atque</span> <span class='ocrx_word' id='word_1_218' title='bbox 1397 1352 1463 1392; x_wconf 90' lang='lat' dir='ltr'>per</span> <span class='ocrx_word' id='word_1_219' title='bbox 1485 1353 1640 1392; x_wconf 84' lang='lat' dir='ltr'>parvum</span> <span class='ocrx_word' id='word_1_220' title='bbox 1656 1341 1830 1379; x_wconf 87' lang='lat' dir='ltr'>foramen</span> <span class='ocrx_word' id='word_1_221' title='bbox 1854 1345 1916 1380; x_wconf 77' lang='lat' dir='ltr'>a‘et</span> 
     </span>
     <span class='ocr_line' id='line_1_22' title="bbox 313 1394 1921 1447; baseline 0.002 -14"><span class='ocrx_word' id='word_1_222' title='bbox 313 1395 463 1433; x_wconf 85' lang='lat' dir='ltr'>fortiter</span> <span class='ocrx_word' id='word_1_223' title='bbox 478 1394 694 1444; x_wconf 70' lang='lat' dir='ltr'>exsugaturs</span> <span class='ocrx_word' id='word_1_224' title='bbox 724 1396 859 1433; x_wconf 90' lang='lat' dir='ltr'>deinde</span> <span class='ocrx_word' id='word_1_225' title='bbox 875 1397 1047 1433; x_wconf 88' lang='lat' dir='ltr'>foramen</span> <span class='ocrx_word' id='word_1_226' title='bbox 1062 1408 1144 1433; x_wconf 88' lang='lat' dir='ltr'>cera</span> <span class='ocrx_word' id='word_1_227' title='bbox 1159 1398 1377 1436; x_wconf 74' lang='lat' dir='ltr'>obturetur3</span> <span class='ocrx_word' id='word_1_228' title='bbox 1407 1398 1444 1432; x_wconf 76' lang='grc' dir='ltr'>ὅ(</span> <span class='ocrx_word' id='word_1_229' title='bbox 1458 1396 1503 1432; x_wconf 89' lang='lat' dir='ltr'>acl</span> <span class='ocrx_word' id='word_1_230' title='bbox 1519 1406 1666 1447; x_wconf 90' lang='lat' dir='ltr'>tempus</span> <span class='ocrx_word' id='word_1_231' title='bbox 1683 1397 1894 1436; x_wconf 84' lang='lat' dir='ltr'>dimittatur</span> <span class='ocrx_word' id='word_1_232' title='bbox 1904 1412 1921 1440; x_wconf 73' lang='grc' dir='ltr'>ς.</span> 
     </span>
     <span class='ocr_line' id='line_1_23' title="bbox 314 1448 1917 1500; baseline 0.002 -13"><span class='ocrx_word' id='word_1_233' title='bbox 314 1450 394 1500; x_wconf 87' lang='lat' dir='ltr'>post</span> <span class='ocrx_word' id='word_1_234' title='bbox 415 1462 497 1487; x_wconf 88' lang='lat' dir='ltr'>cera</span> <span class='ocrx_word' id='word_1_235' title='bbox 517 1462 537 1486; x_wconf 90' lang='lat' dir='ltr'>a</span> <span class='ocrx_word' id='word_1_236' title='bbox 562 1450 751 1487; x_wconf 90' lang='lat' dir='ltr'>foramine</span> <span class='ocrx_word' id='word_1_237' title='bbox 776 1451 984 1492; x_wconf 80' lang='lat' dir='ltr'>auferatur3</span> <span class='ocrx_word' id='word_1_238' title='bbox 1021 1451 1146 1488; x_wconf 87' lang='lat' dir='ltr'>audies</span> <span class='ocrx_word' id='word_1_239' title='bbox 1171 1450 1363 1488; x_wconf 86' lang='lat' dir='ltr'>manifeste</span> <span class='ocrx_word' id='word_1_240' title='bbox 1387 1448 1533 1488; x_wconf 80' lang='lat' dir='ltr'>sibilum</span> <span class='ocrx_word' id='word_1_241' title='bbox 1556 1453 1650 1488; x_wconf 82' lang='lat' dir='ltr'>a&#39;eris</span> <span class='ocrx_word' id='word_1_242' title='bbox 1675 1453 1853 1490; x_wconf 83' lang='lat' dir='ltr'>intrantis</span> <span class='ocrx_word' id='word_1_243' title='bbox 1876 1454 1917 1491; x_wconf 87' lang='lat' dir='ltr'>in</span> 
     </span>
     <span class='ocr_line' id='line_1_24' title="bbox 314 1503 1917 1557; baseline 0.001 -13"><span class='ocrx_word' id='word_1_244' title='bbox 314 1517 445 1552; x_wconf 86' lang='lat' dir='ltr'>ovum,</span> <span class='ocrx_word' id='word_1_245' title='bbox 473 1505 633 1542; x_wconf 64' lang='lat' dir='ltr'>traetum</span> <span class='ocrx_word' id='word_1_246' title='bbox 654 1504 792 1546; x_wconf 89' lang='lat' dir='ltr'>seilicet</span> <span class='ocrx_word' id='word_1_247' title='bbox 814 1506 858 1542; x_wconf 91' lang='lat' dir='ltr'>ab</span> <span class='ocrx_word' id='word_1_248' title='bbox 885 1507 967 1542; x_wconf 75' lang='lat' dir='ltr'>aere</span> <span class='ocrx_word' id='word_1_249' title='bbox 993 1507 1187 1552; x_wconf 91' lang='lat' dir='ltr'>interiore,</span> <span class='ocrx_word' id='word_1_250' title='bbox 1217 1508 1283 1555; x_wconf 90' lang='lat' dir='ltr'>qui</span> <span class='ocrx_word' id='word_1_251' title='bbox 1302 1503 1383 1557; x_wconf 89' lang='lat' dir='ltr'>post</span> <span class='ocrx_word' id='word_1_252' title='bbox 1398 1506 1607 1543; x_wconf 86' lang='lat' dir='ltr'>violentam</span> <span class='ocrx_word' id='word_1_253' title='bbox 1630 1507 1917 1546; x_wconf 70' lang='lat' dir='ltr'>rarefaC&#39;tionem</span> 
     </span>
     <span class='ocr_line' id='line_1_25' title="bbox 315 1557 1918 1610; baseline 0.001 -12"><span class='ocrx_word' id='word_1_254' title='bbox 315 1560 352 1599; x_wconf 89' lang='lat' dir='ltr'>se</span> <span class='ocrx_word' id='word_1_255' title='bbox 367 1557 530 1596; x_wconf 87' lang='lat' dir='ltr'>restituit.</span> <span class='ocrx_word' id='word_1_256' title='bbox 588 1559 649 1598; x_wconf 92' lang='lat' dir='ltr'>Ut</span> <span class='ocrx_word' id='word_1_257' title='bbox 664 1559 738 1596; x_wconf 87' lang='lat' dir='ltr'>hoc</span> <span class='ocrx_word' id='word_1_258' title='bbox 752 1571 905 1609; x_wconf 92' lang='lat' dir='ltr'>quoque</span> <span class='ocrx_word' id='word_1_259' title='bbox 918 1562 1177 1610; x_wconf 86' lang='lat' dir='ltr'>experimento</span> <span class='ocrx_word' id='word_1_260' title='bbox 1191 1570 1392 1610; x_wconf 82' lang='lat' dir='ltr'>generetur</span> <span class='ocrx_word' id='word_1_261' title='bbox 1405 1560 1515 1598; x_wconf 85' lang='lat' dir='ltr'>sonus</span> <span class='ocrx_word' id='word_1_262' title='bbox 1531 1562 1570 1597; x_wconf 86' lang='lat' dir='ltr'>in</span> <span class='ocrx_word' id='word_1_263' title='bbox 1587 1564 1822 1599; x_wconf 88' lang='lat' dir='ltr'>contrarium</span> <span class='ocrx_word' id='word_1_264' title='bbox 1835 1575 1918 1600; x_wconf 88' lang='lat' dir='ltr'>mo-</span> 
     </span>
     <span class='ocr_line' id='line_1_26' title="bbox 315 1610 692 1652; baseline -0.003 0"><span class='ocrx_word' id='word_1_265' title='bbox 315 1625 378 1652; x_wconf 72' lang='lat' dir='ltr'>tus</span> <span class='ocrx_word' id='word_1_266' title='bbox 394 1610 574 1650; x_wconf 88' lang='lat' dir='ltr'>manifesti</span> <span class='ocrx_word' id='word_1_267' title='bbox 589 1615 692 1651; x_wconf 72' lang='lat' dir='ltr'>aeris.</span> 
     </span>
    </p>

    <p class='ocr_par' dir='ltr' id='par_1_6' title="bbox 316 1669 1919 1828">
     <span class='ocr_line' id='line_1_27' title="bbox 371 1669 1918 1723; baseline 0.004 -19"><span class='ocrx_word' id='word_1_268' title='bbox 371 1670 661 1715; x_wconf 76' lang='lat' dir='ltr'>S1M1L1TER,</span> <span class='ocrx_word' id='word_1_269' title='bbox 691 1670 731 1705; x_wconf 92' lang='lat' dir='ltr'>in</span> <span class='ocrx_word' id='word_1_270' title='bbox 751 1669 900 1707; x_wconf 89' lang='lat' dir='ltr'>ludicro</span> <span class='ocrx_word' id='word_1_271' title='bbox 915 1670 984 1707; x_wconf 91' lang='lat' dir='ltr'>illo</span> <span class='ocrx_word' id='word_1_272' title='bbox 999 1671 1263 1718; x_wconf 87' lang='lat' dir='ltr'>instrumento,</span> <span class='ocrx_word' id='word_1_273' title='bbox 1293 1671 1396 1719; x_wconf 88' lang='lat' dir='ltr'>quod</span> <span class='ocrx_word' id='word_1_274' title='bbox 1411 1680 1566 1708; x_wconf 84' lang='lat' dir='ltr'>vocatur</span> <span class='ocrx_word' id='word_1_275' title='bbox 1581 1670 1837 1723; x_wconf 83' lang='lat' dir='ltr'>lyraJudaica,</span> <span class='ocrx_word' id='word_1_276' title='bbox 1867 1683 1918 1710; x_wconf 93' lang='lat' dir='ltr'>te-</span> 
     </span>
     <span class='ocr_line' id='line_1_28' title="bbox 316 1723 1919 1776; baseline 0.004 -16"><span class='ocrx_word' id='word_1_277' title='bbox 316 1723 446 1760; x_wconf 90' lang='lat' dir='ltr'>nendo</span> <span class='ocrx_word' id='word_1_278' title='bbox 461 1724 574 1759; x_wconf 88' lang='lat' dir='ltr'>latera</span> <span class='ocrx_word' id='word_1_279' title='bbox 593 1724 692 1760; x_wconf 91' lang='lat' dir='ltr'>inter</span> <span class='ocrx_word' id='word_1_280' title='bbox 714 1724 845 1762; x_wconf 87' lang='lat' dir='ltr'>dentes</span> <span class='ocrx_word' id='word_1_281' title='bbox 864 1725 1029 1764; x_wconf 87' lang='lat' dir='ltr'>vibratur</span> <span class='ocrx_word' id='word_1_282' title='bbox 1044 1727 1186 1776; x_wconf 80' lang='lat' dir='ltr'>lingula</span> <span class='ocrx_word' id='word_1_283' title='bbox 1209 1727 1327 1764; x_wconf 87' lang='lat' dir='ltr'>ferrea</span> <span class='ocrx_word' id='word_1_284' title='bbox 1341 1727 1454 1764; x_wconf 64' lang='lat' dir='ltr'>trae‘ta</span> <span class='ocrx_word' id='word_1_285' title='bbox 1472 1726 1517 1763; x_wconf 85' lang='lat' dir='ltr'>ad</span> <span class='ocrx_word' id='word_1_286' title='bbox 1533 1728 1702 1774; x_wconf 85' lang='lat' dir='ltr'>exterius,</span> <span class='ocrx_word' id='word_1_287' title='bbox 1731 1727 1792 1765; x_wconf 89' lang='lat' dir='ltr'>sed</span> <span class='ocrx_word' id='word_1_288' title='bbox 1806 1726 1919 1767; x_wconf 84' lang='lat' dir='ltr'>resilit</span> 
     </span>
     <span class='ocr_line' id='line_1_29' title="bbox 319 1778 1356 1828; baseline 0.004 -15"><span class='ocrx_word' id='word_1_289' title='bbox 319 1779 476 1814; x_wconf 87' lang='lat' dir='ltr'>interius</span> <span class='ocrx_word' id='word_1_290' title='bbox 492 1778 537 1814; x_wconf 88' lang='lat' dir='ltr'>ad</span> <span class='ocrx_word' id='word_1_291' title='bbox 558 1780 682 1814; x_wconf 75' lang='lat' dir='ltr'>aerem</span> <span class='ocrx_word' id='word_1_292' title='bbox 698 1780 738 1815; x_wconf 88' lang='lat' dir='ltr'>in</span> <span class='ocrx_word' id='word_1_293' title='bbox 754 1782 890 1828; x_wconf 85' lang='lat' dir='ltr'>palato,</span> <span class='ocrx_word' id='word_1_294' title='bbox 920 1783 955 1817; x_wconf 72' lang='grc' dir='ltr'>ὅ(</span> <span class='ocrx_word' id='word_1_295' title='bbox 971 1781 1059 1818; x_wconf 89' lang='lat' dir='ltr'>inde</span> <span class='ocrx_word' id='word_1_296' title='bbox 1074 1792 1218 1819; x_wconf 85' lang='lat' dir='ltr'>creatur</span> <span class='ocrx_word' id='word_1_297' title='bbox 1235 1781 1356 1819; x_wconf 89' lang='lat' dir='ltr'>sonus.</span> 
     </span>
    </p>

    <p class='ocr_par' dir='ltr' id='par_1_7' title="bbox 319 1832 1925 1942">
     <span class='ocr_line' id='line_1_30' title="bbox 374 1832 1925 1886; baseline 0.005 -18"><span class='ocrx_word' id='word_1_298' title='bbox 374 1835 552 1883; x_wconf 73' lang='lat' dir='ltr'>ATQJE</span> <span class='ocrx_word' id='word_1_299' title='bbox 570 1834 609 1868; x_wconf 90' lang='lat' dir='ltr'>in</span> <span class='ocrx_word' id='word_1_300' title='bbox 630 1832 687 1869; x_wconf 84' lang='lat' dir='ltr'>his</span> <span class='ocrx_word' id='word_1_301' title='bbox 702 1835 820 1871; x_wconf 86' lang='lat' dir='ltr'>tribus</span> <span class='ocrx_word' id='word_1_302' title='bbox 842 1836 1107 1886; x_wconf 85' lang='lat' dir='ltr'>experimentis</span> <span class='ocrx_word' id='word_1_303' title='bbox 1127 1837 1284 1874; x_wconf 89' lang='lat' dir='ltr'>dubium</span> <span class='ocrx_word' id='word_1_304' title='bbox 1309 1848 1390 1874; x_wconf 90' lang='lat' dir='ltr'>non</span> <span class='ocrx_word' id='word_1_305' title='bbox 1405 1834 1454 1873; x_wconf 90' lang='lat' dir='ltr'>est</span> <span class='ocrx_word' id='word_1_306' title='bbox 1474 1838 1567 1885; x_wconf 87' lang='lat' dir='ltr'>quin</span> <span class='ocrx_word' id='word_1_307' title='bbox 1583 1836 1695 1874; x_wconf 88' lang='lat' dir='ltr'>sonus</span> <span class='ocrx_word' id='word_1_308' title='bbox 1722 1847 1925 1886; x_wconf 80' lang='lat' dir='ltr'>generetur</span> 
     </span>
     <span class='ocr_line' id='line_1_31' title="bbox 319 1883 1729 1942; baseline 0.003 -18"><span class='ocrx_word' id='word_1_309' title='bbox 319 1900 386 1937; x_wconf 89' lang='lat' dir='ltr'>per</span> <span class='ocrx_word' id='word_1_310' title='bbox 400 1883 677 1939; x_wconf 82' lang='lat' dir='ltr'>percussionem</span> <span class='ocrx_word' id='word_1_311' title='bbox 693 1891 784 1926; x_wconf 75' lang='lat' dir='ltr'>aeris</span> <span class='ocrx_word' id='word_1_312' title='bbox 799 1890 1007 1928; x_wconf 84' lang='lat' dir='ltr'>introrsum</span> <span class='ocrx_word' id='word_1_313' title='bbox 1027 1891 1149 1929; x_wconf 84' lang='lat' dir='ltr'>versus</span> <span class='ocrx_word' id='word_1_314' title='bbox 1163 1893 1328 1942; x_wconf 86' lang='lat' dir='ltr'>palatum</span> <span class='ocrx_word' id='word_1_315' title='bbox 1347 1901 1409 1928; x_wconf 90' lang='lat' dir='ltr'>aut</span> <span class='ocrx_word' id='word_1_316' title='bbox 1425 1904 1541 1930; x_wconf 89' lang='lat' dir='ltr'>ovum</span> <span class='ocrx_word' id='word_1_317' title='bbox 1556 1893 1729 1930; x_wconf 86' lang='lat' dir='ltr'>vitreum.</span> 
     </span>
    </p>

    <p class='ocr_par' dir='ltr' id='par_1_8' title="bbox 326 1942 1923 2054">
     <span class='ocr_line' id='line_1_32' title="bbox 377 1942 1923 1994; baseline 0.006 -16"><span class='ocrx_word' id='word_1_318' title='bbox 377 1943 409 1979; x_wconf 75' lang='lat' dir='ltr'>(j</span> <span class='ocrx_word' id='word_1_319' title='bbox 421 1953 691 1979; x_wconf 81' lang='lat' dir='ltr'>ENERATUR</span> <span class='ocrx_word' id='word_1_320' title='bbox 707 1942 819 1981; x_wconf 90' lang='lat' dir='ltr'>sonus</span> <span class='ocrx_word' id='word_1_321' title='bbox 844 1957 908 1994; x_wconf 88' lang='lat' dir='ltr'>per</span> <span class='ocrx_word' id='word_1_322' title='bbox 924 1942 1187 1994; x_wconf 70' lang='lat' dir='ltr'>percussiones.</span> <span class='ocrx_word' id='word_1_323' title='bbox 1243 1942 1433 1985; x_wconf 83' lang='lat' dir='ltr'>Percusslo</span> <span class='ocrx_word' id='word_1_324' title='bbox 1456 1949 1520 1985; x_wconf 90' lang='lat' dir='ltr'>illa</span> <span class='ocrx_word' id='word_1_325' title='bbox 1534 1947 1588 1994; x_wconf 88' lang='lat' dir='ltr'>fit,</span> <span class='ocrx_word' id='word_1_326' title='bbox 1617 1948 1676 1985; x_wconf 90' lang='lat' dir='ltr'>vel</span> <span class='ocrx_word' id='word_1_327' title='bbox 1699 1947 1791 1984; x_wconf 79' lang='lat' dir='ltr'>ae&#39;ris</span> <span class='ocrx_word' id='word_1_328' title='bbox 1806 1947 1852 1986; x_wconf 86' lang='lat' dir='ltr'>ad</span> <span class='ocrx_word' id='word_1_329' title='bbox 1866 1950 1923 1987; x_wconf 67' lang='lat' dir='ltr'>ae—</span> 
     </span>
     <span class='ocr_line' id='line_1_33' title="bbox 326 1998 1746 2054; baseline 0.004 -21"><span class='ocrx_word' id='word_1_330' title='bbox 326 2009 420 2043; x_wconf 90' lang='lat' dir='ltr'>rem,</span> <span class='ocrx_word' id='word_1_331' title='bbox 450 1998 508 2034; x_wconf 88' lang='lat' dir='ltr'>vel</span> <span class='ocrx_word' id='word_1_332' title='bbox 524 1999 694 2049; x_wconf 84' lang='lat' dir='ltr'>corporis</span> <span class='ocrx_word' id='word_1_333' title='bbox 707 1999 790 2036; x_wconf 88' lang='lat' dir='ltr'>duri</span> <span class='ocrx_word' id='word_1_334' title='bbox 806 2001 850 2037; x_wconf 84' lang='lat' dir='ltr'>ad</span> <span class='ocrx_word' id='word_1_335' title='bbox 867 2002 1003 2048; x_wconf 74' lang='lat' dir='ltr'>aerem,</span> <span class='ocrx_word' id='word_1_336' title='bbox 1031 2003 1090 2039; x_wconf 90' lang='lat' dir='ltr'>vel</span> <span class='ocrx_word' id='word_1_337' title='bbox 1105 2004 1274 2054; x_wconf 88' lang='lat' dir='ltr'>corporis</span> <span class='ocrx_word' id='word_1_338' title='bbox 1289 2002 1373 2039; x_wconf 88' lang='lat' dir='ltr'>duri</span> <span class='ocrx_word' id='word_1_339' title='bbox 1387 2003 1434 2039; x_wconf 87' lang='lat' dir='ltr'>ad</span> <span class='ocrx_word' id='word_1_340' title='bbox 1449 2014 1581 2052; x_wconf 87' lang='lat' dir='ltr'>corpus</span> <span class='ocrx_word' id='word_1_341' title='bbox 1596 2002 1746 2040; x_wconf 91' lang='lat' dir='ltr'>durum.</span> 
     </span>
    </p>

    <p class='ocr_par' dir='ltr' id='par_1_9' title="bbox 324 2051 1937 2989">
     <span class='ocr_line' id='line_1_34' title="bbox 379 2051 1925 2108; baseline 0.005 -19"><span class='ocrx_word' id='word_1_342' title='bbox 379 2053 407 2089; x_wconf 91' lang='lat' dir='ltr'>E</span> <span class='ocrx_word' id='word_1_343' title='bbox 418 2062 544 2088; x_wconf 82' lang='lat' dir='ltr'>XEMP</span> <span class='ocrx_word' id='word_1_344' title='bbox 554 2063 658 2089; x_wconf 85' lang='lat' dir='ltr'>LUM</span> <span class='ocrx_word' id='word_1_345' title='bbox 672 2051 917 2102; x_wconf 80' lang='lat' dir='ltr'>percuflionis</span> <span class='ocrx_word' id='word_1_346' title='bbox 932 2058 1023 2093; x_wconf 72' lang='lat' dir='ltr'>aeris</span> <span class='ocrx_word' id='word_1_347' title='bbox 1038 2057 1083 2094; x_wconf 91' lang='lat' dir='ltr'>ad</span> <span class='ocrx_word' id='word_1_348' title='bbox 1097 2059 1220 2094; x_wconf 87' lang='lat' dir='ltr'>a&#39;e&#39;rem</span> <span class='ocrx_word' id='word_1_349' title='bbox 1235 2059 1397 2095; x_wconf 86' lang='lat' dir='ltr'>maxime</span> <span class='ocrx_word' id='word_1_350' title='bbox 1409 2059 1509 2108; x_wconf 78' lang='lat' dir='ltr'>viget</span> <span class='ocrx_word' id='word_1_351' title='bbox 1526 2059 1566 2095; x_wconf 88' lang='lat' dir='ltr'>in</span> <span class='ocrx_word' id='word_1_352' title='bbox 1581 2070 1674 2095; x_wconf 90' lang='lat' dir='ltr'>voce</span> <span class='ocrx_word' id='word_1_353' title='bbox 1689 2057 1864 2105; x_wconf 88' lang='lat' dir='ltr'>humana,</span> <span class='ocrx_word' id='word_1_354' title='bbox 1886 2061 1925 2097; x_wconf 87' lang='lat'>&amp;</span> 
     </span>
     <span class='ocr_line' id='line_1_35' title="bbox 324 2107 1925 2162; baseline 0.004 -19"><span class='ocrx_word' id='word_1_355' title='bbox 324 2109 366 2143; x_wconf 84' lang='lat' dir='ltr'>in</span> <span class='ocrx_word' id='word_1_356' title='bbox 388 2107 543 2144; x_wconf 88' lang='lat' dir='ltr'>vocibus</span> <span class='ocrx_word' id='word_1_357' title='bbox 566 2109 703 2154; x_wconf 88' lang='lat' dir='ltr'>avium,</span> <span class='ocrx_word' id='word_1_358' title='bbox 740 2111 776 2145; x_wconf 71' lang='grc' dir='ltr'>ὅ(</span> <span class='ocrx_word' id='word_1_359' title='bbox 799 2111 961 2147; x_wconf 88' lang='lat' dir='ltr'>aliorum</span> <span class='ocrx_word' id='word_1_360' title='bbox 985 2113 1226 2153; x_wconf 74' lang='lat' dir='ltr'>animaliun13</span> <span class='ocrx_word' id='word_1_361' title='bbox 1263 2112 1401 2149; x_wconf 90' lang='lat' dir='ltr'>deinde</span> <span class='ocrx_word' id='word_1_362' title='bbox 1425 2114 1466 2150; x_wconf 91' lang='lat' dir='ltr'>in</span> <span class='ocrx_word' id='word_1_363' title='bbox 1491 2113 1744 2150; x_wconf 85' lang='lat' dir='ltr'>instrumentis</span> <span class='ocrx_word' id='word_1_364' title='bbox 1767 2111 1925 2162; x_wconf 77' lang='lat' dir='ltr'>musicis,</span> 
     </span>
     <span class='ocr_line' id='line_1_36' title="bbox 326 2162 1927 2220; baseline 0.006 -23"><span class='ocrx_word' id='word_1_365' title='bbox 326 2173 421 2210; x_wconf 87' lang='lat' dir='ltr'>quae</span> <span class='ocrx_word' id='word_1_366' title='bbox 445 2162 651 2198; x_wconf 84' lang='lat' dir='ltr'>excitantur</span> <span class='ocrx_word' id='word_1_367' title='bbox 670 2174 735 2214; x_wconf 86' lang='lat' dir='ltr'>per</span> <span class='ocrx_word' id='word_1_368' title='bbox 758 2164 1018 2203; x_wconf 86' lang='lat' dir='ltr'>inflationem:</span> <span class='ocrx_word' id='word_1_369' title='bbox 1048 2169 1163 2204; x_wconf 87' lang='lat' dir='ltr'>etiam</span> <span class='ocrx_word' id='word_1_370' title='bbox 1185 2168 1226 2204; x_wconf 89' lang='lat' dir='ltr'>in</span> <span class='ocrx_word' id='word_1_371' title='bbox 1250 2167 1466 2204; x_wconf 82' lang='lat' dir='ltr'>bombardis</span> <span class='ocrx_word' id='word_1_372' title='bbox 1489 2171 1526 2206; x_wconf 66' lang='grc' dir='ltr'>ὃ(</span> <span class='ocrx_word' id='word_1_373' title='bbox 1550 2166 1731 2219; x_wconf 84' lang='lat' dir='ltr'>sclopetis,</span> <span class='ocrx_word' id='word_1_374' title='bbox 1761 2168 1825 2204; x_wconf 90' lang='lat' dir='ltr'>ubi</span> <span class='ocrx_word' id='word_1_375' title='bbox 1847 2181 1927 2220; x_wconf 86' lang='lat' dir='ltr'>per-</span> 
     </span>
     <span class='ocr_line' id='line_1_37' title="bbox 328 2212 1928 2274; baseline 0.006 -22"><span class='ocrx_word' id='word_1_376' title='bbox 328 2212 446 2253; x_wconf 81' lang='lat' dir='ltr'>cussio</span> <span class='ocrx_word' id='word_1_377' title='bbox 470 2216 582 2252; x_wconf 85' lang='lat' dir='ltr'>edens</span> <span class='ocrx_word' id='word_1_378' title='bbox 599 2216 735 2254; x_wconf 88' lang='lat' dir='ltr'>sonum</span> <span class='ocrx_word' id='word_1_379' title='bbox 758 2230 956 2267; x_wconf 84' lang='lat' dir='ltr'>generatur</span> <span class='ocrx_word' id='word_1_380' title='bbox 972 2223 1134 2259; x_wconf 83' lang='lat' dir='ltr'>maxime</span> <span class='ocrx_word' id='word_1_381' title='bbox 1157 2235 1200 2259; x_wconf 86' lang='lat' dir='ltr'>ex</span> <span class='ocrx_word' id='word_1_382' title='bbox 1215 2219 1450 2274; x_wconf 86' lang='lat' dir='ltr'>percuflione</span> <span class='ocrx_word' id='word_1_383' title='bbox 1473 2224 1563 2260; x_wconf 81' lang='lat' dir='ltr'>a&#39;eris</span> <span class='ocrx_word' id='word_1_384' title='bbox 1578 2221 1741 2260; x_wconf 72' lang='lat' dir='ltr'>conclusi</span> <span class='ocrx_word' id='word_1_385' title='bbox 1761 2227 1928 2262; x_wconf 86' lang='lat' dir='ltr'>exeuntis</span> 
     </span>
     <span class='ocr_line' id='line_1_38' title="bbox 330 2271 1928 2327; baseline 0.006 -19"><span class='ocrx_word' id='word_1_386' title='bbox 330 2284 374 2308; x_wconf 79' lang='lat' dir='ltr'>ex</span> <span class='ocrx_word' id='word_1_387' title='bbox 398 2283 464 2307; x_wconf 89' lang='lat' dir='ltr'>ore</span> <span class='ocrx_word' id='word_1_388' title='bbox 485 2271 715 2308; x_wconf 87' lang='lat' dir='ltr'>bombardae</span> <span class='ocrx_word' id='word_1_389' title='bbox 739 2284 802 2310; x_wconf 88' lang='lat' dir='ltr'>aut</span> <span class='ocrx_word' id='word_1_390' title='bbox 824 2274 980 2325; x_wconf 83' lang='lat' dir='ltr'>sclopeti</span> <span class='ocrx_word' id='word_1_391' title='bbox 1003 2277 1049 2313; x_wconf 90' lang='lat' dir='ltr'>ad</span> <span class='ocrx_word' id='word_1_392' title='bbox 1072 2278 1194 2314; x_wconf 74' lang='lat' dir='ltr'>a&#39;erem</span> <span class='ocrx_word' id='word_1_393' title='bbox 1220 2288 1428 2315; x_wconf 88' lang='lat' dir='ltr'>externum.</span> <span class='ocrx_word' id='word_1_394' title='bbox 1484 2280 1586 2316; x_wconf 84' lang='lat' dir='ltr'>Nam</span> <span class='ocrx_word' id='word_1_395' title='bbox 1607 2279 1681 2327; x_wconf 87' lang='lat' dir='ltr'>pila</span> <span class='ocrx_word' id='word_1_396' title='bbox 1702 2278 1821 2315; x_wconf 89' lang='lat' dir='ltr'>indita</span> <span class='ocrx_word' id='word_1_397' title='bbox 1845 2290 1928 2317; x_wconf 87' lang='lat' dir='ltr'>non</span> 
     </span>
     <span class='ocr_line' id='line_1_39' title="bbox 332 2325 1929 2384; baseline 0.005 -22"><span class='ocrx_word' id='word_1_398' title='bbox 332 2327 495 2363; x_wconf 83' lang='lat' dir='ltr'>multum</span> <span class='ocrx_word' id='word_1_399' title='bbox 511 2325 598 2362; x_wconf 84' lang='lat' dir='ltr'>facit</span> <span class='ocrx_word' id='word_1_400' title='bbox 622 2327 666 2363; x_wconf 86' lang='lat' dir='ltr'>ad</span> <span class='ocrx_word' id='word_1_401' title='bbox 683 2327 884 2377; x_wconf 80' lang='lat' dir='ltr'>fragorem.</span> <span class='ocrx_word' id='word_1_402' title='bbox 941 2332 1080 2380; x_wconf 90' lang='lat' dir='ltr'>Neque</span> <span class='ocrx_word' id='word_1_403' title='bbox 1095 2329 1280 2383; x_wconf 72' lang='lat' dir='ltr'>percussio</span> <span class='ocrx_word' id='word_1_404' title='bbox 1295 2334 1464 2381; x_wconf 88' lang='lat' dir='ltr'>corporis</span> <span class='ocrx_word' id='word_1_405' title='bbox 1480 2333 1607 2369; x_wconf 87' lang='lat' dir='ltr'>mollis</span> <span class='ocrx_word' id='word_1_406' title='bbox 1623 2333 1668 2369; x_wconf 86' lang='lat' dir='ltr'>ad</span> <span class='ocrx_word' id='word_1_407' title='bbox 1682 2345 1817 2384; x_wconf 87' lang='lat' dir='ltr'>corpus</span> <span class='ocrx_word' id='word_1_408' title='bbox 1832 2337 1929 2372; x_wconf 88' lang='lat' dir='ltr'>mol-</span> 
     </span>
     <span class='ocr_line' id='line_1_40' title="bbox 332 2381 1930 2435; baseline 0.006 -18"><span class='ocrx_word' id='word_1_409' title='bbox 332 2383 368 2417; x_wconf 84' lang='lat' dir='ltr'>le</span> <span class='ocrx_word' id='word_1_410' title='bbox 391 2390 539 2416; x_wconf 83' lang='lat' dir='ltr'>tantum</span> <span class='ocrx_word' id='word_1_411' title='bbox 563 2381 855 2430; x_wconf 82' lang='lat' dir='ltr'>repraesentatur</span> <span class='ocrx_word' id='word_1_412' title='bbox 880 2386 919 2421; x_wconf 90' lang='lat' dir='ltr'>in</span> <span class='ocrx_word' id='word_1_413' title='bbox 943 2384 1179 2435; x_wconf 76' lang='lat' dir='ltr'>percussione</span> <span class='ocrx_word' id='word_1_414' title='bbox 1201 2389 1293 2424; x_wconf 77' lang='lat' dir='ltr'>ae‘ris</span> <span class='ocrx_word' id='word_1_415' title='bbox 1316 2388 1361 2423; x_wconf 89' lang='lat' dir='ltr'>ad</span> <span class='ocrx_word' id='word_1_416' title='bbox 1384 2389 1528 2430; x_wconf 67' lang='lat' dir='ltr'>aerem3</span> <span class='ocrx_word' id='word_1_417' title='bbox 1557 2400 1688 2425; x_wconf 88' lang='lat' dir='ltr'>verum</span> <span class='ocrx_word' id='word_1_418' title='bbox 1713 2391 1750 2426; x_wconf 73' lang='grc' dir='ltr'>ὅ(</span> <span class='ocrx_word' id='word_1_419' title='bbox 1773 2387 1861 2426; x_wconf 84' lang='lat' dir='ltr'>a&#39;e&#39;ris</span> <span class='ocrx_word' id='word_1_420' title='bbox 1883 2389 1930 2427; x_wconf 87' lang='lat' dir='ltr'>ad</span> 
     </span>
     <span class='ocr_line' id='line_1_41' title="bbox 332 2435 1931 2492; baseline 0.005 -20"><span class='ocrx_word' id='word_1_421' title='bbox 332 2435 537 2481; x_wconf 88' lang='lat' dir='ltr'>flammam,</span> <span class='ocrx_word' id='word_1_422' title='bbox 567 2446 607 2472; x_wconf 92' lang='lat' dir='ltr'>ut</span> <span class='ocrx_word' id='word_1_423' title='bbox 622 2437 663 2472; x_wconf 90' lang='lat' dir='ltr'>in</span> <span class='ocrx_word' id='word_1_424' title='bbox 684 2440 908 2477; x_wconf 85' lang='lat' dir='ltr'>excitatione</span> <span class='ocrx_word' id='word_1_425' title='bbox 931 2441 1103 2478; x_wconf 85' lang='lat' dir='ltr'>flammae</span> <span class='ocrx_word' id='word_1_426' title='bbox 1118 2453 1184 2492; x_wconf 89' lang='lat' dir='ltr'>per</span> <span class='ocrx_word' id='word_1_427' title='bbox 1206 2442 1335 2478; x_wconf 88' lang='lat' dir='ltr'>folles:</span> <span class='ocrx_word' id='word_1_428' title='bbox 1356 2440 1468 2478; x_wconf 83' lang='lat' dir='ltr'>etiam</span> <span class='ocrx_word' id='word_1_429' title='bbox 1483 2442 1657 2479; x_wconf 84' lang='lat' dir='ltr'>flammae</span> <span class='ocrx_word' id='word_1_430' title='bbox 1672 2445 1770 2480; x_wconf 90' lang='lat' dir='ltr'>inter</span> <span class='ocrx_word' id='word_1_431' title='bbox 1785 2442 1834 2490; x_wconf 91' lang='lat' dir='ltr'>se,</span> <span class='ocrx_word' id='word_1_432' title='bbox 1862 2445 1931 2482; x_wconf 81' lang='lat' dir='ltr'>alia</span> 
     </span>
     <span class='ocr_line' id='line_1_42' title="bbox 334 2491 1930 2548; baseline 0.008 -23"><span class='ocrx_word' id='word_1_433' title='bbox 334 2491 444 2526; x_wconf 87' lang='lat' dir='ltr'>aliam</span> <span class='ocrx_word' id='word_1_434' title='bbox 467 2491 676 2540; x_wconf 86' lang='lat' dir='ltr'>impellens,</span> <span class='ocrx_word' id='word_1_435' title='bbox 715 2493 876 2531; x_wconf 88' lang='lat' dir='ltr'>reddunt</span> <span class='ocrx_word' id='word_1_436' title='bbox 899 2495 1087 2544; x_wconf 87' lang='lat' dir='ltr'>quendam</span> <span class='ocrx_word' id='word_1_437' title='bbox 1111 2497 1321 2545; x_wconf 79' lang='lat' dir='ltr'>mugitum3</span> <span class='ocrx_word' id='word_1_438' title='bbox 1352 2506 1479 2534; x_wconf 89' lang='lat' dir='ltr'>utrum</span> <span class='ocrx_word' id='word_1_439' title='bbox 1504 2510 1596 2534; x_wconf 90' lang='lat' dir='ltr'>vero</span> <span class='ocrx_word' id='word_1_440' title='bbox 1615 2496 1835 2536; x_wconf 86' lang='lat' dir='ltr'>interveniat</span> <span class='ocrx_word' id='word_1_441' title='bbox 1857 2501 1930 2548; x_wconf 68' lang='lat' dir='ltr'>aet,</span> 
     </span>
     <span class='ocr_line' id='line_1_43' title="bbox 336 2545 1934 2602; baseline 0.009 -23"><span class='ocrx_word' id='word_1_442' title='bbox 336 2545 543 2592; x_wconf 86' lang='lat' dir='ltr'>inquiratur</span> <span class='ocrx_word' id='word_1_443' title='bbox 574 2546 739 2583; x_wconf 79' lang='lat' dir='ltr'>ulterius.</span> <span class='ocrx_word' id='word_1_444' title='bbox 795 2548 916 2586; x_wconf 87' lang='lat' dir='ltr'>Etiam</span> <span class='ocrx_word' id='word_1_445' title='bbox 945 2552 1071 2588; x_wconf 89' lang='lat' dir='ltr'>omnis</span> <span class='ocrx_word' id='word_1_446' title='bbox 1098 2551 1250 2588; x_wconf 85' lang='lat' dir='ltr'>flamma</span> <span class='ocrx_word' id='word_1_447' title='bbox 1274 2550 1398 2588; x_wconf 90' lang='lat' dir='ltr'>subito</span> <span class='ocrx_word' id='word_1_448' title='bbox 1426 2563 1619 2602; x_wconf 86' lang='lat' dir='ltr'>concepta,</span> <span class='ocrx_word' id='word_1_449' title='bbox 1658 2550 1684 2590; x_wconf 83' lang='lat' dir='ltr'>si</span> <span class='ocrx_word' id='word_1_450' title='bbox 1711 2551 1752 2590; x_wconf 79' lang='lat' dir='ltr'>sit</span> <span class='ocrx_word' id='word_1_451' title='bbox 1780 2554 1934 2601; x_wconf 84' lang='lat' dir='ltr'>alicujus</span> 
     </span>
     <span class='ocr_line' id='line_1_44' title="bbox 338 2598 1931 2658; baseline 0.007 -22"><span class='ocrx_word' id='word_1_452' title='bbox 338 2598 602 2648; x_wconf 82' lang='lat' dir='ltr'>amplitudinis,</span> <span class='ocrx_word' id='word_1_453' title='bbox 633 2603 764 2638; x_wconf 81' lang='lat' dir='ltr'>excitat</span> <span class='ocrx_word' id='word_1_454' title='bbox 785 2602 922 2642; x_wconf 90' lang='lat' dir='ltr'>sonum</span> <span class='ocrx_word' id='word_1_455' title='bbox 945 2606 1222 2644; x_wconf 88' lang='lat' dir='ltr'>summovendo</span> <span class='ocrx_word' id='word_1_456' title='bbox 1239 2606 1292 2653; x_wconf 86' lang='lat' dir='ltr'>(ut</span> <span class='ocrx_word' id='word_1_457' title='bbox 1317 2604 1487 2655; x_wconf 86' lang='lat' dir='ltr'>arbitror)</span> <span class='ocrx_word' id='word_1_458' title='bbox 1511 2611 1648 2655; x_wconf 74' lang='lat' dir='ltr'>aerem,</span> <span class='ocrx_word' id='word_1_459' title='bbox 1677 2609 1795 2658; x_wconf 83' lang='lat' dir='ltr'>magis</span> <span class='ocrx_word' id='word_1_460' title='bbox 1817 2620 1931 2658; x_wconf 87' lang='lat' dir='ltr'>quam</span> 
     </span>
     <span class='ocr_line' id='line_1_45' title="bbox 339 2653 1932 2712; baseline 0.006 -21"><span class='ocrx_word' id='word_1_461' title='bbox 339 2666 384 2691; x_wconf 84' lang='lat' dir='ltr'>ex</span> <span class='ocrx_word' id='word_1_462' title='bbox 398 2653 470 2690; x_wconf 81' lang='lat' dir='ltr'>sese</span> <span class='ocrx_word' id='word_1_463' title='bbox 485 2668 493 2689; x_wconf 92' lang='lat'>:</span> <span class='ocrx_word' id='word_1_464' title='bbox 522 2655 635 2691; x_wconf 77' lang='lat' dir='ltr'>etiam</span> <span class='ocrx_word' id='word_1_465' title='bbox 658 2657 698 2693; x_wconf 88' lang='lat' dir='ltr'>in</span> <span class='ocrx_word' id='word_1_466' title='bbox 713 2660 972 2708; x_wconf 88' lang='lat' dir='ltr'>eruptionibus</span> <span class='ocrx_word' id='word_1_467' title='bbox 985 2661 1026 2698; x_wconf 87' lang='lat' dir='ltr'>fit</span> <span class='ocrx_word' id='word_1_468' title='bbox 1040 2657 1225 2710; x_wconf 85' lang='lat' dir='ltr'>percuffio</span> <span class='ocrx_word' id='word_1_469' title='bbox 1246 2660 1394 2712; x_wconf 86' lang='lat' dir='ltr'>spiritus</span> <span class='ocrx_word' id='word_1_470' title='bbox 1410 2664 1639 2712; x_wconf 87' lang='lat' dir='ltr'>erumpentis</span> <span class='ocrx_word' id='word_1_471' title='bbox 1654 2663 1698 2699; x_wconf 91' lang='lat' dir='ltr'>ad</span> <span class='ocrx_word' id='word_1_472' title='bbox 1719 2665 1841 2700; x_wconf 78' lang='lat' dir='ltr'>ae&#39;rem</span> <span class='ocrx_word' id='word_1_473' title='bbox 1857 2676 1932 2701; x_wconf 88' lang='lat' dir='ltr'>am-</span> 
     </span>
     <span class='ocr_line' id='line_1_46' title="bbox 340 2711 1933 2766; baseline 0.006 -20"><span class='ocrx_word' id='word_1_474' title='bbox 340 2711 531 2749; x_wconf 66' lang='lat' dir='ltr'>bientems</span> <span class='ocrx_word' id='word_1_475' title='bbox 561 2720 601 2746; x_wconf 90' lang='lat' dir='ltr'>ut</span> <span class='ocrx_word' id='word_1_476' title='bbox 617 2712 656 2746; x_wconf 91' lang='lat' dir='ltr'>in</span> <span class='ocrx_word' id='word_1_477' title='bbox 679 2714 911 2762; x_wconf 86' lang='lat' dir='ltr'>crepitaculis</span> <span class='ocrx_word' id='word_1_478' title='bbox 928 2728 1021 2764; x_wconf 89' lang='lat' dir='ltr'>quae</span> <span class='ocrx_word' id='word_1_479' title='bbox 1036 2717 1131 2754; x_wconf 88' lang='lat' dir='ltr'>fiunt</span> <span class='ocrx_word' id='word_1_480' title='bbox 1147 2729 1188 2753; x_wconf 88' lang='lat' dir='ltr'>ex</span> <span class='ocrx_word' id='word_1_481' title='bbox 1204 2715 1303 2753; x_wconf 89' lang='lat' dir='ltr'>foliis</span> <span class='ocrx_word' id='word_1_482' title='bbox 1322 2716 1433 2765; x_wconf 74' lang='lat' dir='ltr'>sicciS,</span> <span class='ocrx_word' id='word_1_483' title='bbox 1462 2728 1523 2755; x_wconf 90' lang='lat' dir='ltr'>aut</span> <span class='ocrx_word' id='word_1_484' title='bbox 1540 2718 1610 2754; x_wconf 88' lang='lat' dir='ltr'>sale</span> <span class='ocrx_word' id='word_1_485' title='bbox 1629 2719 1753 2766; x_wconf 80' lang='lat' dir='ltr'>nigro,</span> <span class='ocrx_word' id='word_1_486' title='bbox 1783 2721 1819 2755; x_wconf 76' lang='grc' dir='ltr'>δ(</span> <span class='ocrx_word' id='word_1_487' title='bbox 1838 2721 1933 2756; x_wconf 86' lang='lat' dir='ltr'>mul-</span> 
     </span>
     <span class='ocr_line' id='line_1_47' title="bbox 342 2761 1933 2825; baseline 0.006 -24"><span class='ocrx_word' id='word_1_488' title='bbox 342 2765 389 2801; x_wconf 87' lang='lat' dir='ltr'>tis</span> <span class='ocrx_word' id='word_1_489' title='bbox 409 2763 487 2800; x_wconf 89' lang='lat' dir='ltr'>aliis</span> <span class='ocrx_word' id='word_1_490' title='bbox 512 2761 682 2802; x_wconf 85' lang='lat' dir='ltr'>immissis</span> <span class='ocrx_word' id='word_1_491' title='bbox 697 2765 735 2802; x_wconf 91' lang='lat' dir='ltr'>in</span> <span class='ocrx_word' id='word_1_492' title='bbox 759 2769 912 2818; x_wconf 79' lang='lat' dir='ltr'>ignem3</span> <span class='ocrx_word' id='word_1_493' title='bbox 942 2772 1033 2808; x_wconf 88' lang='lat' dir='ltr'>&amp;in</span> <span class='ocrx_word' id='word_1_494' title='bbox 1048 2774 1208 2818; x_wconf 90' lang='lat' dir='ltr'>tonitru,</span> <span class='ocrx_word' id='word_1_495' title='bbox 1236 2773 1295 2808; x_wconf 88' lang='lat' dir='ltr'>vel</span> <span class='ocrx_word' id='word_1_496' title='bbox 1311 2784 1531 2825; x_wconf 88' lang='lat' dir='ltr'>erumpente</span> <span class='ocrx_word' id='word_1_497' title='bbox 1555 2771 1683 2821; x_wconf 89' lang='lat' dir='ltr'>spiritu</span> <span class='ocrx_word' id='word_1_498' title='bbox 1699 2773 1845 2820; x_wconf 89' lang='lat' dir='ltr'>enube,</span> <span class='ocrx_word' id='word_1_499' title='bbox 1874 2774 1933 2811; x_wconf 81' lang='lat' dir='ltr'>vel</span> 
     </span>
     <span class='ocr_line' id='line_1_48' title="bbox 340 2820 1933 2877; baseline 0.006 -21"><span class='ocrx_word' id='word_1_500' title='bbox 340 2820 534 2856; x_wconf 79' lang='lat' dir='ltr'>volutante</span> <span class='ocrx_word' id='word_1_501' title='bbox 551 2821 587 2856; x_wconf 75' lang='grc' dir='ltr'>ὅ(</span> <span class='ocrx_word' id='word_1_502' title='bbox 602 2821 753 2868; x_wconf 78' lang='lat' dir='ltr'>agitato,</span> <span class='ocrx_word' id='word_1_503' title='bbox 784 2834 823 2860; x_wconf 87' lang='lat' dir='ltr'>ut</span> <span class='ocrx_word' id='word_1_504' title='bbox 838 2823 878 2861; x_wconf 84' lang='lat' dir='ltr'>fit</span> <span class='ocrx_word' id='word_1_505' title='bbox 899 2826 939 2861; x_wconf 91' lang='lat' dir='ltr'>in</span> <span class='ocrx_word' id='word_1_506' title='bbox 954 2827 1101 2864; x_wconf 90' lang='lat' dir='ltr'>tonitru</span> <span class='ocrx_word' id='word_1_507' title='bbox 1116 2828 1234 2876; x_wconf 80' lang='lat' dir='ltr'>magis</span> <span class='ocrx_word' id='word_1_508' title='bbox 1252 2825 1364 2864; x_wconf 85' lang='lat' dir='ltr'>surdo</span> <span class='ocrx_word' id='word_1_509' title='bbox 1380 2830 1415 2864; x_wconf 68' lang='grc' dir='ltr'>δε</span> <span class='ocrx_word' id='word_1_510' title='bbox 1430 2828 1658 2877; x_wconf 75' lang='lat' dir='ltr'>prolongato</span> <span class='ocrx_word' id='word_1_511' title='bbox 1672 2840 1681 2867; x_wconf 68' lang='grc' dir='ltr'>ς</span> <span class='ocrx_word' id='word_1_512' title='bbox 1710 2828 1822 2864; x_wconf 83' lang='lat' dir='ltr'>etiam</span> <span class='ocrx_word' id='word_1_513' title='bbox 1839 2828 1933 2866; x_wconf 90' lang='lat' dir='ltr'>solet</span> 
     </span>
     <span class='ocr_line' id='line_1_49' title="bbox 345 2874 1937 2935; baseline 0.006 -24"><span class='ocrx_word' id='word_1_514' title='bbox 345 2874 402 2922; x_wconf 85' lang='lat' dir='ltr'>(ad</span> <span class='ocrx_word' id='word_1_515' title='bbox 428 2875 629 2921; x_wconf 82' lang='lat' dir='ltr'>ludicrum)</span> <span class='ocrx_word' id='word_1_516' title='bbox 657 2874 792 2913; x_wconf 89' lang='lat' dir='ltr'>folium</span> <span class='ocrx_word' id='word_1_517' title='bbox 817 2879 920 2916; x_wconf 81' lang='lat' dir='ltr'>rosae</span> <span class='ocrx_word' id='word_1_518' title='bbox 945 2882 1072 2918; x_wconf 87' lang='lat' dir='ltr'>viridis</span> <span class='ocrx_word' id='word_1_519' title='bbox 1097 2882 1332 2919; x_wconf 63' lang='lat' dir='ltr'>contractum</span> <span class='ocrx_word' id='word_1_520' title='bbox 1358 2892 1399 2919; x_wconf 88' lang='lat' dir='ltr'>ut</span> <span class='ocrx_word' id='word_1_521' title='bbox 1426 2885 1550 2919; x_wconf 69' lang='lat' dir='ltr'>aerem</span> <span class='ocrx_word' id='word_1_522' title='bbox 1575 2883 1780 2928; x_wconf 88' lang='lat' dir='ltr'>contineat,</span> <span class='ocrx_word' id='word_1_523' title='bbox 1826 2882 1937 2935; x_wconf 77' lang='lat' dir='ltr'>super</span> 
     </span>
     <span class='ocr_line' id='line_1_50' title="bbox 340 2929 1786 2989; baseline 0.005 -23"><span class='ocrx_word' id='word_1_524' title='bbox 340 2929 495 2966; x_wconf 83' lang='lat' dir='ltr'>dorsum</span> <span class='ocrx_word' id='word_1_525' title='bbox 512 2941 642 2966; x_wconf 86' lang='lat' dir='ltr'>manus</span> <span class='ocrx_word' id='word_1_526' title='bbox 656 2940 717 2966; x_wconf 89' lang='lat' dir='ltr'>aut</span> <span class='ocrx_word' id='word_1_527' title='bbox 732 2931 898 2971; x_wconf 87' lang='lat' dir='ltr'>frontem</span> <span class='ocrx_word' id='word_1_528' title='bbox 913 2936 1131 2984; x_wconf 72' lang='lat' dir='ltr'>percussum,</span> <span class='ocrx_word' id='word_1_529' title='bbox 1160 2949 1307 2989; x_wconf 83' lang='lat' dir='ltr'>crepare</span> <span class='ocrx_word' id='word_1_530' title='bbox 1321 2949 1385 2987; x_wconf 90' lang='lat' dir='ltr'>per</span> <span class='ocrx_word' id='word_1_531' title='bbox 1400 2938 1638 2988; x_wconf 86' lang='lat' dir='ltr'>eruptionem</span> <span class='ocrx_word' id='word_1_532' title='bbox 1653 2937 1755 2973; x_wconf 80' lang='lat' dir='ltr'>a&#39;e&#39;ris.</span> <span class='ocrx_word' id='word_1_533' title='bbox 1783 2975 1786 2979; x_wconf 73' lang='grc'>,</span> 
     </span>
    </p>

    <p class='ocr_par' dir='ltr' id='par_1_10' title="bbox 344 2983 1938 3151">
     <span class='ocr_line' id='line_1_51' title="bbox 364 2983 1935 3041; baseline 0.009 -24"><span class='ocrx_word' id='word_1_534' title='bbox 364 3013 367 3016; x_wconf 30' lang='lat'><strong>⁴</strong></span> <span class='ocrx_word' id='word_1_535' title='bbox 397 2985 626 3021; x_wconf 77' lang='lat' dir='ltr'>EXEMPLA</span> <span class='ocrx_word' id='word_1_536' title='bbox 640 2983 882 3032; x_wconf 84' lang='lat' dir='ltr'>percussionis</span> <span class='ocrx_word' id='word_1_537' title='bbox 893 2993 1063 3041; x_wconf 88' lang='lat' dir='ltr'>corporis</span> <span class='ocrx_word' id='word_1_538' title='bbox 1077 2991 1160 3029; x_wconf 89' lang='lat' dir='ltr'>duri</span> <span class='ocrx_word' id='word_1_539' title='bbox 1173 2993 1217 3028; x_wconf 84' lang='lat' dir='ltr'>ad</span> <span class='ocrx_word' id='word_1_540' title='bbox 1233 2994 1355 3029; x_wconf 71' lang='lat' dir='ltr'>aerem</span> <span class='ocrx_word' id='word_1_541' title='bbox 1370 2991 1568 3028; x_wconf 86' lang='lat' dir='ltr'>ostendunt</span> <span class='ocrx_word' id='word_1_542' title='bbox 1596 2989 1631 3027; x_wconf 91' lang='lat' dir='ltr'>se</span> <span class='ocrx_word' id='word_1_543' title='bbox 1657 2992 1696 3029; x_wconf 90' lang='lat' dir='ltr'>in</span> <span class='ocrx_word' id='word_1_544' title='bbox 1719 2990 1935 3039; x_wconf 58' lang='lat' dir='ltr'>inssmmen-</span> 
     </span>
     <span class='ocr_line' id='line_1_52' title="bbox 344 3038 1935 3098; baseline 0.006 -24"><span class='ocrx_word' id='word_1_545' title='bbox 344 3038 391 3074; x_wconf 92' lang='lat' dir='ltr'>tis</span> <span class='ocrx_word' id='word_1_546' title='bbox 414 3038 559 3076; x_wconf 79' lang='lat' dir='ltr'>musicis</span> <span class='ocrx_word' id='word_1_547' title='bbox 585 3039 803 3077; x_wconf 75' lang='lat' dir='ltr'>sonantibus</span> <span class='ocrx_word' id='word_1_548' title='bbox 826 3054 890 3090; x_wconf 86' lang='lat' dir='ltr'>per</span> <span class='ocrx_word' id='word_1_549' title='bbox 916 3044 1096 3087; x_wconf 79' lang='lat' dir='ltr'>eliordas3</span> <span class='ocrx_word' id='word_1_550' title='bbox 1135 3048 1176 3083; x_wconf 90' lang='lat' dir='ltr'>in</span> <span class='ocrx_word' id='word_1_551' title='bbox 1201 3044 1307 3083; x_wconf 85' lang='lat' dir='ltr'>sibilo</span> <span class='ocrx_word' id='word_1_552' title='bbox 1333 3046 1482 3095; x_wconf 76' lang='lat' dir='ltr'>sagittae</span> <span class='ocrx_word' id='word_1_553' title='bbox 1508 3047 1669 3084; x_wconf 83' lang='lat' dir='ltr'>volantis</span> <span class='ocrx_word' id='word_1_554' title='bbox 1693 3059 1767 3098; x_wconf 66' lang='lat' dir='ltr'>per,</span> <span class='ocrx_word' id='word_1_555' title='bbox 1787 3048 1935 3089; x_wconf 76' lang='lat' dir='ltr'>ae&#39;rem3</span> 
     </span>
     <span class='ocr_line' id='line_1_53' title="bbox 344 3093 1938 3151; baseline 0.005 -22"><span class='ocrx_word' id='word_1_556' title='bbox 344 3094 385 3131; x_wconf 79' lang='lat' dir='ltr'>in</span> <span class='ocrx_word' id='word_1_557' title='bbox 403 3093 653 3144; x_wconf 78' lang='lat' dir='ltr'>flagellatione</span> <span class='ocrx_word' id='word_1_558' title='bbox 676 3097 779 3145; x_wconf 75' lang='lat' dir='ltr'>ae&#39;riS,</span> <span class='ocrx_word' id='word_1_559' title='bbox 815 3097 899 3135; x_wconf 86' lang='lat' dir='ltr'>licet</span> <span class='ocrx_word' id='word_1_560' title='bbox 923 3111 1003 3136; x_wconf 85' lang='lat' dir='ltr'>uon</span> <span class='ocrx_word' id='word_1_561' title='bbox 1026 3102 1207 3149; x_wconf 86' lang='lat' dir='ltr'>percutiat</span> <span class='ocrx_word' id='word_1_562' title='bbox 1234 3112 1368 3151; x_wconf 82' lang='lat' dir='ltr'>corpus</span> <span class='ocrx_word' id='word_1_563' title='bbox 1393 3100 1551 3143; x_wconf 78' lang='lat' dir='ltr'>durum:</span> <span class='ocrx_word' id='word_1_564' title='bbox 1590 3102 1701 3139; x_wconf 87' lang='lat' dir='ltr'>etiam</span> <span class='ocrx_word' id='word_1_565' title='bbox 1725 3099 1765 3142; x_wconf 71' lang='lat' dir='ltr'>in&#39;</span> <span class='ocrx_word' id='word_1_566' title='bbox 1790 3099 1938 3150; x_wconf 79' lang='lat' dir='ltr'>organis</span> 
     </span>
    </p>
   </div>
   <div class='ocr_carea' id='block_1_4' title="bbox 1793 3153 1937 3193">
    <p class='ocr_par' dir='ltr' id='par_1_11' title="bbox 1793 3153 1937 3193">
     <span class='ocr_line' id='line_1_54' title="bbox 1793 3153 1937 3193; baseline -0.007 -1"><span class='ocrx_word' id='word_1_567' title='bbox 1793 3153 1937 3193; x_wconf 84' lang='lat' dir='ltr'>musicis</span> 
     </span>
    </p>
   </div>
  </div>
 </body>
</html>
