1973 3570
151 207 213 254 68

475 193 905 246 HISTORIA
963 191 1364 238 DENSIET
1416 193 1636 237 RARL

280 300 330 339 de
352 297 520 349 sequatur
543 290 792 351 perspiciunt3
823 304 992 344 remque,
1020 305 1114 342 quae
1131 294 1175 330 ad
1191 292 1338 330 infinita
1362 291 1505 341 spectat,
1537 295 1573 329 δ(
1597 293 1783 330 naturalis
1802 296 1881 346 phi-

284 354 475 408 losophiae
494 355 610 391 veluti
630 350 718 390 basis
739 351 798 398 est,
827 358 888 388 aut
908 362 989 387 non
1004 351 1195 397 attingunt
1215 359 1276 385 aut
1298 360 1379 384 non
1399 355 1546 395 urgent.

338 406 505 448 PRIMO
534 409 658 457 igitur,
689 407 791 454 quod
813 406 909 442 bene
930 402 1092 457 positum
1120 403 1181 450 est,
1210 414 1289 439 non
1319 401 1577 439 movendum:
1621 402 1716 439 Non
1738 401 1883 441 scilicet

284 460 365 502 fieri
384 465 424 500 in
445 464 567 510 aliqua
587 460 898 499 transmutatione
916 469 1134 510 corporum,
1161 457 1449 495 transafflonem
1469 465 1531 494 aut
1552 467 1572 491 a
1593 455 1727 502 nihilo,
1757 468 1819 494 aut
1838 459 1885 495 ad

284 518 449 556 nihilum
464 533 475 560 ;
506 516 565 554 sed
586 528 699 568 opera
716 515 785 551 ess'e
805 514 970 560 ejusdem
990 513 1303 563 omnipotentiae,
1334 522 1456 548 creare
1477 522 1518 546 ex
1540 509 1663 546 nihilo
1687 513 1723 547 <Sc
1744 512 1883 561 redige-

284 585 328 611 re
351 574 391 610 in
414 571 601 609 nihilum:
632 584 675 608 ex
705 569 813 607 cursu
841 576 995 606 naturae
1014 575 1105 605 vero
1125 567 1199 604 hoe
1221 577 1415 615 nunquam
1443 564 1533 602 fieri.
1590 565 1718 612 ltaque
1743 565 1885 604 summa

285 628 462 664 materiae
472 627 598 663 totalis
610 625 752 677 semper
763 623 902 660 constat
915 637 925 663 3
943 620 1024 660 Nil
1033 618 1205 668 additur,
1221 618 1282 658 nil
1293 619 1501 658 minuitur:
1517 619 1571 655 At
1582 618 1684 655 istam
1699 619 1884 667 summam

283 683 384 719 inter
399 688 557 732 corpora
569 693 635 732 per
654 680 849 731 portiones
868 678 997 724 dividi,
1026 677 1171 713 nemini
1186 675 1344 713 dubium
1360 673 1428 711 effe
1442 670 1566 725 poss'it.
1624 676 1760 721 Neque
1781 677 1884 712 enim

283 734 481 786 quisquam
509 733 772 771 subtilitatibus
800 731 980 769 abstraffis
1013 741 1092 768 tam
1116 730 1351 767 dementatus
1380 728 1448 765 css'e
1483 738 1604 776 queat,
1639 738 1678 765 ut
1705 729 1883 767 existimet

282 800 433 829 tantum
452 789 628 826 materiae
647 787 758 825 inesse
777 787 884 825 dolio
903 797 1031 834 aquae,
1059 794 1243 832 quantum
1262 784 1393 821 decem
1408 782 1520 820 doliis
1540 794 1677 831 aquales
1707 794 1830 832 neque
1845 783 1882 821 fi-

282 845 426 882 militer
445 843 554 881 dolio
568 843 672 888 aeris,
702 833 885 890 quantum
899 840 1031 876 decem
1048 839 1160 875 doliis
1171 839 1273 875 aeris.
1329 837 1385 874 At
1406 839 1446 873 in
1466 849 1627 888 corpore
1652 838 1788 874 eodem
1804 851 1885 876 non

281 894 487 944 dubitatur,
515 898 609 945 quin
624 896 733 946 copia
751 895 927 931 materiae
945 893 1217 944 multiplicetur
1237 905 1307 944 pro
1328 891 1500 929 mensura
1520 893 1689 943 corporis
1706 905 1714 929 τ
1744 894 1784 930 in
1804 905 1884 930 cor-

281 952 437 1004 poribus
464 947 611 988 diverlis
635 948 849 999 ambigitur.
904 948 1020 1001 Quod
1041 944 1066 983 fi
1082 947 1366 993 demonstretur,
1403 955 1522 984 unum
1538 946 1686 983 dolium
1706 959 1820 996 aquae
1842 950 1883 986 in

280 1008 407 1043 aerem
425 1003 585 1051 versum,
612 1005 745 1042 decem
764 1003 852 1041 dare
877 1003 980 1040 dolia
1009 1003 1126 1043 a‘etis3
1157 1002 1273 1049 (istam
1294 1003 1398 1038 enim
1419 1003 1745 1052 computationem
1773 1015 1884 1056 prop—

279 1069 338 1098 ter
370 1059 598 1111 opinionem
622 1068 810 1110 receptam
838 1056 1031 1104 sumimus,
1060 1058 1147 1094 lieet
1177 1058 1351 1108 centupla
1378 1056 1502 1094 verior
1525 1053 1593 1102 fit‚)
1626 1056 1721 1093 benc
1745 1055 1883 1096 habet:

281 1114 429 1153 etenim
445 1115 520 1160 jam
538 1124 621 1151 non
640 1114 798 1163 amplius
821 1111 906 1151 sunt
925 1111 1066 1150 diversa
1084 1123 1255 1163 corpora,
1285 1122 1377 1159 aqua
1398 1113 1434 1148 ὃ(
1454 1112 1526 1157 aer,
1555 1110 1615 1147 sed
1631 1108 1733 1148 idem
1749 1120 1884 1164 corpus

280 1168 377 1206 acris
395 1169 437 1205 in
450 1167 582 1206 decem
605 1167 730 1205 doliis.
785 1167 841 1204 At
858 1179 977 1205 unum
991 1167 1140 1204 dolium
1155 1168 1258 1213 aens,
1290 1167 1344 1212 (ut
1367 1165 1488 1202 modo
1506 1165 1718 1202 concessum
1739 1166 1799 1216 est)
1822 1167 1882 1205 dc-

280 1224 382 1261 cima
400 1232 549 1261 tantum
568 1234 651 1275 pars
668 1222 717 1260 est
738 1222 870 1260 decem
888 1222 1093 1260 doliorum.

337 1278 417 1315 ITA
426 1289 520 1329 qun
545 1275 654 1315 resisti
678 1278 751 1324 jam
767 1289 848 1314 non
867 1276 998 1329 potest,
1025 1278 1118 1325 quin
1141 1275 1181 1313 in
1200 1287 1280 1313 uno
1300 1275 1407 1313 dolio
1432 1286 1546 1323 aquae
1564 1274 1726 1327 decuplo
1744 1277 1827 1327 plus
1841 1273 1884 1315 fit
1938 1275 1941 1280 '

282 1333 462 1369 materiae
480 1344 594 1382 quam
613 1333 654 1370 in
668 1344 749 1369 uno
762 1328 871 1369 dolio
884 1332 987 1369 a'e'ris.
1044 1333 1184 1379 Itaque,
1212 1328 1238 1367 fi
1257 1331 1339 1379 quis
1361 1330 1486 1368 afferat
1506 1330 1656 1367 dolium
1683 1342 1799 1379 aquae
1827 1341 1883 1368 to-

283 1395 381 1434 rum,
410 1387 452 1424 in
463 1387 610 1425 dolium
625 1382 714 1424 aeris
733 1388 889 1424 unicum
902 1387 996 1425 verti
1010 1385 1123 1437 poss'e,
1151 1385 1253 1422 idem
1267 1385 1417 1436 prorsus
1432 1385 1480 1422 est
1500 1397 1541 1421 ac
1555 1382 1580 1420 fi
1596 1383 1720 1422 afferat
1741 1386 1883 1434 aliquid

282 1441 387 1493 posse
411 1441 531 1491 redigi
550 1441 596 1479 ad
619 1440 796 1479 nihilum.
850 1442 1005 1478 Etenim
1031 1451 1105 1477 una
1123 1439 1270 1477 decima
1295 1451 1409 1487 aquae
1437 1439 1483 1476 ad
1502 1438 1576 1476 hoc
1604 1435 1771 1487 sufficiet,
1800 1442 1882 1478 reli·

279 1506 379 1544 quae
397 1507 539 1534 novem
557 1504 678 1548 partes
697 1494 837 1533 neceffe
862 1494 911 1532 est
936 1504 976 1532 ut
998 1494 1265 1531 annihilentur.
1325 1494 1485 1541 Contra,
1514 1491 1539 1530 fi
1559 1494 1641 1541 quis
1665 1494 1790 1532 afferat
1815 1495 1881 1533 do-

281 1549 380 1587 lium
399 1551 491 1587 afiris
509 1551 551 1587 ln
575 1549 724 1588 dolium
744 1561 860 1598 aquae
878 1550 973 1587 verti
994 1548 1107 1600 poffe,
1136 1549 1237 1586 idem
1266 1548 1313 1585 cst
1339 1560 1380 1585 ac
1407 1547 1433 1585 fi
1457 1548 1582 1586 afferat
1611 1549 1751 1596 aliquid
1780 1550 1883 1601 posse

279 1602 461 1655 creariex
480 1603 615 1642 nihilo.
670 1603 822 1641 Etenim
845 1604 992 1641 dolium
1007 1604 1109 1649 ae'ris,
1138 1601 1206 1640 nisi
1220 1603 1265 1640 ad
1286 1604 1472 1641 decimam
1486 1613 1630 1655 partem
1651 1604 1746 1640 dolii
1766 1616 1882 1653 aquae

277 1657 453 1707 attinget,
481 1659 644 1708 reliquae
663 1669 804 1697 novem
819 1668 939 1710 partes
953 1658 1094 1696 necesse
1120 1658 1168 1695 est
1193 1668 1234 1695 ut
1253 1657 1343 1695 fiant
1359 1671 1400 1695 cx
1417 1658 1550 1695 nihilo.
1607 1658 1704 1695 Illud
1725 1660 1881 1697 interim

280 1712 392 1764 plane
411 1712 636 1751 confitemur
659 1713 706 1750 de
731 1712 937 1750 rationibus
963 1716 999 1751 &
1024 1713 1185 1759 calculis,
1215 1715 1252 1750 &
1280 1722 1395 1761 quota
1418 1723 1521 1765 parte
1536 1714 1666 1762 quanti
1690 1715 1880 1762 materiae,

281 1777 379 1814 quae
393 1765 539 1805 diversis
562 1768 785 1819 corporibus
804 1767 933 1814 subest,
962 1769 1000 1805 &
1019 1780 1092 1816 qua
1116 1767 1291 1805 industria
1317 1770 1353 1805 ὃ(
1376 1767 1568 1817 sagacitate
1592 1768 1639 1805 de
1662 1768 1734 1805 illis
1763 1769 1880 1806 infor-

279 1821 404 1859 matio
426 1832 512 1860 vera
536 1823 616 1874 oepi
635 1818 761 1874 possit,
789 1823 943 1860 arduam
969 1820 1254 1871 inquisitionem
1277 1822 1368 1863 effc;
1397 1834 1509 1871 quam
1531 1833 1659 1860 tamen
1679 1823 1812 1872 ingens
1840 1826 1880 1862 &

278 1871 457 1913 latiffime
474 1875 553 1914 fusa
571 1878 710 1914 utilitas
729 1876 958 1928 compenset.
1015 1879 1118 1915 Nam
1149 1879 1187 1914 δε
1216 1875 1409 1914 densitates
1430 1880 1467 1914 ὃ(
1487 1879 1651 1915 raritates
1671 1889 1880 1930 corporum

279 1929 396 1975 nosse,
424 1932 461 1968 &
474 1931 600 1968 multo
618 1933 737 1981 magis
755 1931 1067 1969 condensationes
1095 1934 1133 1970 ὅ(
1159 1931 1418 1969 rarefafflones
1440 1944 1639 1984 procurare
1660 1935 1697 1969 ὅ(
1717 1929 1878 1980 efficere,

280 1984 445 2021 maxime
464 1985 612 2023 interest
637 1988 674 2024 &
699 1987 1010 2037 contemplativae
1040 1989 1076 2025 &
1095 1986 1283 2038 prafflcae.
1344 1987 1446 2024 Cum
1467 1986 1581 2037 igitur
1606 1985 1647 2024 fit
1668 1999 1724 2024 res
1751 1986 1790 2034 (fi
1804 2000 1877 2037 qua

281 2037 368 2087 alia)
384 2039 493 2090 plane
511 2040 801 2079 fundamentalis
825 2043 862 2078 ὅ(
885 2041 1078 2089 catholica,
1113 2042 1266 2079 accincti
1290 2041 1468 2080 debemus
1496 2042 1540 2079 ad
1570 2054 1652 2080 eam
1675 2042 1876 2083 accedere;

278 2092 588 2184 {pandoquidem
616 2097 744 2138 omnis
767 2095 1002 2149 philosophia
1030 2095 1165 2146 absque
1198 2108 1241 2134 ea
1265 2098 1412 2148 penitus
1436 2096 1612 2137 discinCta
1638 2098 1676 2135 &
1703 2096 1875 2136 dissoluta·

1587 2802 1863 2848 TABULA
