1973 3570
307 200 778 248 HISTORIA
830 205 1106 250 DENSI
1154 206 1267 251 ET
1322 208 1544 255 RARJ.

148 308 186 347 4.
210 299 480 336 REFERUNT
511 298 579 335 ell'e
601 301 638 335 in
661 300 819 346 quadam
843 300 970 345 insula,
999 310 1061 337 aut
1082 313 1123 337 ex
1140 302 1322 346 Tcrceris,
1353 313 1414 338 aut
1436 314 1477 339 cx
1513 305 1696 351 Canariis,

98 354 271 390 arborem
300 365 393 401 quae
421 364 603 404 perpetuo
629 353 761 395 stillet5
800 357 880 391 imo
911 367 1004 402 quae
1031 356 1254 392 nubeculam
1289 357 1477 403 quandam
1514 358 1698 398 roscidam

95 408 237 457 semper
263 407 393 444 habeat
421 409 715 459 impendentem.
774 410 899 458 Digna
926 420 1051 446 autem
1080 423 1136 447 res
1162 412 1316 459 cognitu
1348 411 1445 457 ess'et,
1489 423 1615 450 utrum
1646 418 1699 452 iu-

94 464 262 500 veniatur
279 464 317 499 in
339 464 534 511 vegetabili
560 465 687 511 aliquo
701 465 909 514 potentiale
932 464 1059 513 frigus,
1089 465 1191 512 quod
1208 465 1337 502 denset
1354 469 1476 503 aerem
1495 469 1532 504 in
1552 480 1697 515 aquam.

37 562 39 564 q
93 518 220 565 Itaque
248 517 295 553 de
320 517 394 554 hoc
422 518 622 567 diligenter
647 520 876 566 inquiratur:
915 519 986 556 Sed
1013 522 1130 568 magis
1156 521 1336 567 existimo,
1374 521 1437 557 lias
1467 522 1536 558 ess'e
1563 535 1699 560 cannas

91 573 317 622 geniculatas
332 572 377 608 de
394 573 528 620 quibus
546 573 719 609 diximus.

150 638 183 676 5.
215 628 573 664 INVENIUNTUR
605 627 710 679 super
735 627 828 664 folia
856 629 1129 665 nonnullarum
1157 629 1335 666 arborum
1369 631 1496 675 (veluti
1524 635 1694 680 quercus)

91 694 185 730 quae
205 683 308 719 unita
333 681 428 726 sunt,
460 694 529 718 nec
550 682 750 719 humorem
773 682 908 731 sugunt
927 693 988 720 aut
1012 684 1196 729 condunt,
1225 686 1421 735 praecipue
1446 686 1573 722 mense
1601 688 1697 724 Maii

87 737 184 787 apud
209 748 292 783 nos,
322 748 425 773 rores
447 736 584 783 dulces,
610 737 718 773 instar
741 749 913 783 mannae,
943 740 980 775 ὅ(
1003 736 1101 786 quasi
1117 740 1273 775 melliti:
1313 750 1440 776 utrum
1464 752 1555 778 vcro
1574 739 1614 779 fit
1644 745 1697 780 vis

89 793 211 840 aliqua
236 793 275 828 in
296 790 397 827 foliis
422 794 634 840 coagulam,
664 804 711 828 an
734 802 882 829 tantum
898 794 962 829 illa
986 805 1087 830 rores
1103 794 1307 830 commode
1328 796 1513 846 excipiant
1529 798 1565 834 ὃ(
1581 797 1696 834 custo-

89 846 205 892 diant,
236 858 316 883 non
333 846 483 883 constat.

141 903 175 938 6,
211 902 302 938 V1x
329 902 518 938 invenitur
533 913 680 953 corpuS,
711 904 749 938 in
766 915 843 950 quo
864 904 1026 940 emineat
1051 912 1200 940 tantum
1222 903 1426 955 potentiale
1443 904 1559 954 frigus
1580 919 1694 955 quan-

84 966 169 994 tum
185 957 224 992 in
240 955 352 992 nitro.
410 958 513 994 Nam
539 966 579 993 ut
594 968 771 1003 aromata,
802 960 838 994 <Sc
863 958 944 1002 alia,
973 959 1060 994 licet
1077 959 1121 994 ad
1146 960 1285 995 taCrum
1303 961 1474 1006 minime,
1504 971 1632 998 tamen
1648 963 1695 999 ad

84 1012 254 1060 linguam
282 1020 344 1048 aut
369 1012 534 1062 palatum
559 1012 697 1048 habent
725 1014 889 1048 calorem
913 1013 1220 1060 perceptibilem;
1260 1015 1311 1049 ita
1337 1016 1451 1050 etiam
1476 1016 1622 1052 nitrum
1647 1017 1693 1054 ad

85 1067 254 1115 linguam
277 1066 335 1102 vel
358 1067 523 1117 palatum
551 1066 660 1103 habet
684 1066 800 1114 frigus
826 1066 1082 1117 perceptibile,
1122 1069 1239 1114 magis
1266 1079 1378 1114 quam
1406 1067 1693 1119 sempervivum‚

85 1131 148 1158 aut
163 1121 284 1168 aliqua
300 1120 413 1157 herba
428 1133 470 1156 ex
487 1122 647 1157 maxime
662 1120 816 1169 frigidis.
875 1122 1001 1168 Itaque
1017 1120 1162 1157 videtur
1179 1120 1382 1160 liibiccium
1400 1126 1694 1162 accommodum
1741 1134 1745 1137 ’

84 1176 128 1213 ad
155 1175 421 1226 experiendum
448 1175 625 1212 virtutem
656 1176 873 1224 potentialis
902 1175 1029 1223 frigidi
1059 1177 1099 1211 in
1123 1177 1238 1212 nitro.
1296 1177 1441 1212 Poterit
1468 1188 1592 1214 autem
1622 1180 1692 1216 effe

30 1227 33 1228 ⁷
81 1231 300 1268 mandatum
317 1230 391 1265 tale
407 1243 414 1264 ε

95 1307 98 1309 -
135 1280 383 1322 Mandatum.
414 1283 450 1320 A
462 1296 599 1322 ccrpss
614 1286 800 1322 minutam
817 1283 972 1322 vesicam
988 1297 1031 1321 ex
1046 1286 1230 1334 pellicula,
1261 1296 1444 1333 quantum
1460 1286 1538 1322 fieri
1556 1288 1685 1336 potest,

81 1338 196 1377 tenui.
252 1338 355 1385 Infla,
385 1341 420 1375 &
438 1341 531 1388 liga3
561 1342 597 1377 δε
612 1352 740 1389 merge
757 1351 837 1376 eam
854 1341 952 1376 intra
973 1338 1115 1376 nitrum
1132 1352 1195 1388 per
1212 1342 1355 1388 aliquos
1370 1341 1460 1386 dies,
1491 1344 1527 1379 ὅ(
1543 1344 1689 1383 exime3

81 1396 119 1432 δε
137 1405 240 1440 nota,
270 1392 295 1430 fi
314 1391 427 1431 vesica
441 1396 650 1442 aliqualiter
673 1393 882 1431 flaccescat:
914 1395 1017 1443 quod
1034 1393 1059 1431 fi
1079 1395 1179 1441 facit,
1210 1395 1297 1431 scias
1317 1396 1432 1444 frigus
1452 1397 1542 1432 nitri
1564 1399 1689 1435 a'e'rem

80 1449 310 1486 contraxisse.
368 1450 444 1486 Fiat
475 1449 576 1486 idem
607 1452 906 1501 experimentum
936 1450 1147 1498 mergendo
1175 1448 1330 1486 vesicam
1359 1451 1457 1487 intra
1487 1462 1688 1500 argentum

79 1507 229 1542 vivum:
274 1504 345 1541 Sed
373 1504 484 1542 debet
512 1504 682 1553 suspendi
711 1503 824 1542 vesica
852 1516 917 1553 per
946 1504 1064 1551 filum,
1108 1515 1148 1542 ut
1177 1506 1297 1554 mergi
1325 1501 1451 1554 possit,
1495 1509 1531 1543 &
1559 1509 1687 1544 minus

79 1561 258 1611 opprimi.

133 1611 320 1663 Historia.
353 1623 389 1661 7.
406 1614 590 1651 Accua:
606 1625 844 1663 unguentum
861 1613 1042 1660 rosarum,
1071 1623 1133 1650 aut
1149 1613 1387 1657 hujusmodi3
1417 1614 1576 1652 infunde
1591 1615 1685 1653 aceti

77 1669 278 1707 nonnihil:
315 1678 465 1705 tantum
488 1669 583 1705 abest
599 1680 640 1706 ut
661 1671 787 1717 liquor
810 1671 905 1705 aceti
926 1669 1055 1705 reddat
1080 1679 1318 1718 unguentum
1342 1671 1460 1718 magis
1482 1670 1684 1718 liquidum,

78 1735 118 1762 ut
133 1735 265 1761 contra
281 1724 373 1760 illud
390 1724 518 1760 reddat
533 1726 650 1773 magis
666 1723 881 1761 induratum
896 1726 933 1760 ὃς
949 1723 1124 1760 solidum.

130 1778 335 1817 connexio.
366 1778 588 1816 Aeuom
609 1779 840 1816 dilatationis
862 1791 927 1830 per
947 1779 1160 1827 amplexum
1183 1779 1390 1828 opponitur
1414 1779 1511 1815 afflo
1534 1789 1681 1816 contra-

76 1835 213 1871 stionis
237 1846 302 1883 per
332 1833 460 1882 fugam
489 1836 526 1871 ὃ(
549 1832 823 1884 antiperistasin.
880 1833 1218 1885 Quemadmodum
1243 1835 1347 1870 enim
1373 1845 1532 1882 corpora
1556 1833 1681 1871 versus

75 1899 179 1939 grata
198 1891 235 1926 ὃ(
249 1889 366 1925 amica
387 1888 421 1924 se
438 1889 561 1925 laxant
582 1889 834 1937 undiquaque,
865 1899 974 1936 atque
991 1898 1080 1925 eunt
1104 1890 1145 1924 in
1160 1888 1379 1927 occursum3
1409 1889 1460 1924 ita
1481 1900 1567 1925 cum
1588 1890 1679 1925 inci-

74 1944 170 1981 dunt
189 1945 229 1980 in
244 1942 373 1980 odiosa
388 1945 424 1980 &
439 1945 604 1990 inimica,
633 1943 783 1993 fugiunt
803 1943 1056 1992 undiquaque,
1086 1945 1123 1980 &
1143 1942 1178 1980 se
1194 1943 1427 1980 contrudunt
1448 1945 1484 1979 δε
1500 1942 1678 1980 constrin-

75 2008 182 2048 gunn

318 2089 355 2128 C
352 2090 610 2128 ontrachones
625 2099 818 2143 corporum
826 2100 897 2144 per
910 2089 1053 2144 fitgam
1070 2088 1117 2135 όν
1132 2085 1425 2144 antzperistaſjn.

130 2175 163 2202 1.
195 2164 367 2201 CALOR
384 2165 479 2212 ignis
494 2175 559 2214 per
572 2161 844 2215 antiperistafin‚
864 2163 1012 2202 videtur
1026 2164 1205 2201 nonnihil
1221 2163 1378 2209 densari,
1399 2165 1436 2199 &
1450 2161 1529 2199 fieri
1545 2163 1677 2209 acrior,

74 2229 116 2258 ut
132 2219 197 2257 sub
212 2220 310 2268 gelu.

127 2285 162 2312 2.
195 2274 419 2320 CONTRA,
460 2275 500 2310 in
526 2273 743 2322 regionibus
770 2272 936 2317 torridis,
975 2273 1123 2309 videtur
1145 2272 1303 2315 densari,
1341 2270 1459 2318 frigus
1486 2281 1553 2320 per
1581 2272 1673 2307 anti-

70 2326 277 2381 peristafin3
305 2328 399 2365 adeo
419 2337 472 2374 ut,
500 2326 526 2364 ss
542 2326 674 2375 quisse
695 2328 847 2378 recipiat
864 2338 907 2362 ex
927 2337 1062 2375 campo
1077 2336 1207 2375 aperto
1222 2328 1259 2362 ὅ(
1274 2324 1384 2361 radiis
1406 2323 1586 2361 solaribus
1608 2324 1674 2362 sub

69 2384 203 2422 arbore
218 2383 352 2433 patula,
369 2383 489 2420 statim
506 2383 715 2419 cohorreat.

125 2449 160 2490 3.
191 2437 570 2484 ATTR‘IBUITUR,
606 2449 677 2474 nec
700 2435 848 2486 prorsus
874 2437 985 2482 male,
1023 2435 1084 2472 ista
1111 2436 1282 2486 operatio
1308 2433 1578 2471 conrraffloriis
1606 2447 1672 2486 per

69 2490 330 2544 antiperistafin
346 2493 491 2531 mediae
503 2493 651 2541 regioni
667 2492 770 2536 aeris,
787 2491 850 2527 ubi
866 2492 1012 2540 colligit
1028 2490 1062 2527 se
1078 2492 1116 2527 ὅ(
1129 2492 1212 2527 unit
1227 2499 1357 2526 natura
1371 2488 1511 2538 frigidi,
1526 2488 1676 2538 fugiens

70 2549 194 2587 radios
219 2547 307 2585 solis
329 2547 490 2584 direstos
517 2546 658 2596 sparsos
681 2559 700 2583 a
730 2548 854 2592 coelo,
892 2548 928 2582 &
959 2545 1114 2582 reflexos
1148 2543 1348 2581 resilientes
1371 2555 1392 2580 a
1414 2554 1535 2584 terra3
1573 2544 1674 2581 unde

68 2604 166 2642 fiunt
187 2613 344 2652 magnae
359 2601 671 2639 condensationes
683 2603 723 2638 in
743 2602 816 2637 illis
835 2600 999 2650 partibus
1017 2601 1242 2650 pluviarum,
1269 2600 1377 2645 nivis,
1405 2597 1607 2647 grandinis,
1637 2601 1675 2636 &

67 2660 241 2697 aliorum.

120 2723 160 2762 4.
191 2713 396 2749 MERITo
415 2711 577 2749 dubitari
599 2706 726 2762 poffit,
755 2720 886 2747 utrum
909 2711 1041 2759 opium
1056 2712 1094 2747 ὅ(
1108 2710 1297 2746 narcotica
1315 2708 1553 2758 stupefaciant
1569 2720 1588 2744 a
1603 2719 1672 2757 po-

67 2768 214 2807 tentiali
235 2766 389 2817 frigido,
425 2767 485 2804 vel
513 2778 533 2803 a
555 2766 643 2815 fuga
665 2764 874 2815 spirituum.
931 2766 1036 2802 Nam
1059 2764 1206 2802 videtur
1231 2765 1364 2813 opium
1387 2773 1508 2815 partes
1535 2763 1672 2799 habere

67 2823 200 2860 calidas
225 2835 268 2859 ex
292 2821 519 2859 fortitudine
543 2820 685 2866 odoris,
723 2832 766 2856 ex
786 2819 1046 2866 amaritudine,
1088 2822 1126 2856 ὅ(
1150 2820 1422 2870 provocatione
1444 2817 1600 2862 sudoris,
1637 2819 1676 2853 ὃς

69 2879 147 2914 aliis
166 2875 286 2926 fignis.
343 2877 489 2914 Verum
505 2887 592 2913 cum
607 2876 754 2912 emittat
768 2885 945 2925 vaporem
961 2875 1163 2911 inimicum
1179 2876 1215 2910 ὅ(
1229 2873 1453 2911 horribilem
1467 2870 1668 2922 spiritibuS,

68 2931 172 2981 fugat
189 2931 276 2969 illos
290 2931 556 2980 undiquaque;
585 2929 685 2968 unde
699 2928 736 2967 se
754 2929 967 2979 coagulant,
994 2931 1033 2967 ὃ(
1053 2928 1294 2968 suffocantur.

1463 3033 1675 3074 connexim

1764 229 1851 259 101
