1973 3570
359 224 464 267 DE
507 220 985 268 SAPIENTIA
1027 223 1453 275 VETERUM.

92 327 270 375 pervicaci
287 326 321 362 &
337 324 479 375 aspero,
497 336 567 362 nce
588 324 621 361 se
637 322 827 377 Apollini,
843 325 879 363 id
896 325 956 373 cst,
984 328 1071 364 Deo
1086 328 1306 366 harmoniae
1322 328 1541 370 submittere
1553 335 1698 383 volunt,

90 391 132 418 ut
146 391 273 418 rerum
294 380 432 418 modos
448 383 485 417 δε
504 379 706 427 mensuras,
722 379 1021 430 sermonumque
1037 383 1151 421 veluti
1175 393 1300 430 tonos,
1333 395 1463 423 acutos
1492 390 1529 424 ὅ(
1556 401 1695 438 graves,

90 433 238 474 ‘aurium
266 436 380 474 ctiam
412 437 530 484 magis
558 437 766 486 peritarum
796 438 832 473 δε
863 439 983 486 magis
1011 439 1224 487 vulgarium
1257 438 1494 488 differentias,
1528 453 1697 496 tempora

88 489 250 538 denique
274 499 356 526 tum
374 490 556 538 loquendi
576 500 659 527 tum
679 488 809 527 silendi
831 491 994 529 ediscant
1019 494 1056 530 δε
1072 493 1292 532 observent:
1334 497 1423 533 licet
1440 494 1511 534 sint
1539 500 1701 547 pruden-

88 555 144 583 tes
159 546 196 582 ὃ(
210 542 326 591 liberi,
351 540 386 581 S<
407 543 556 582 consilia
571 544 728 582 afferant
748 545 832 582 sana
857 549 894 584 ὃς.
909 547 1028 584 ϋοιιας
1058 560 1256 597 nunquam
1275 560 1403 588 tamen
1427 551 1504 589 fere
1529 552 1634 590 suasu
1665 557 1702 592 ὅ(

90 598 233 649 impetu
263 598 329 637 suo
357 598 571 649 proficiunt,
593 611 716 649 neque
749 601 795 637 ad
825 613 881 638 res
907 603 1114 641 tractandas
1137 601 1303 642 efficaces
1332 605 1444 647 sunt5
1489 606 1550 644 sed
1576 607 1700 659 potius

88 655 247 712 {minium
267 653 330 701 eis,
353 655 451 706 apud
467 667 563 704 quos
578 654 612 691 se
629 653 818 702 ingerunt,
834 668 1039 704 maturant,
1061 660 1099 696 ὃς
1126 669 1209 696 tum
1227 661 1385 697 demum
1413 660 1494 711 post
1514 663 1696 701 calamita-

43 732 49 742 a
88 707 172 758 tem
184 711 424 756 &eventum,
447 720 488 746 ut
504 720 603 746 vates
618 712 655 747 Se
669 711 710 746 in
726 712 889 760 longum
906 711 1172 762 prospicientes
1186 715 1433 752 celebrantur.
1486 717 1617 765 Atque
1634 719 1698 756 liu-

89 762 146 810 jus
156 765 215 811 rei
226 766 441 813 exemplum
456 763 597 802 eminet
614 767 654 802 in
667 763 728 803 M.
745 765 891 803 Catone
906 766 1087 817 Uticensi.
1143 770 1210 807 Ille
1223 769 1324 807 enim
1339 771 1538 809 interitum
1558 776 1697 823 patriae

89 816 384 868 &tyrannidem
401 821 528 869 primo
548 833 591 857 ex
605 820 897 873 conspiratione,
927 822 1064 862 deinde
1083 837 1126 862 ex
1143 827 1395 863 contentione
1413 825 1592 875 Caesszrjs
1607 841 1699 866 cum

89 871 273 931 Pompeio
296 874 473 921 secutam,
496 874 561 912 diu
577 886 676 922 ante,
705 887 886 927 tanquam
907 890 927 915 e
942 878 1089 927 specula
1104 879 1295 931 praevidit,
1313 883 1349 918 ὃ(
1363 874 1546 930 tanquam
1561 896 1604 920 ex
1619 896 1698 921 ora*

87 930 177 984 culo
196 929 380 985 praedixit
398 943 409 970 3
437 929 498 967 sed
513 931 568 967 nil
585 930 744 982 profecit
760 931 926 979 interim,
942 946 1074 971 verum
1093 935 1218 973 obfuit
1234 937 1372 987 potum,
1395 939 1431 974 ὅ(
1451 939 1547 975 mala
1564 937 1699 988 patriae

87 981 312 1022 acceleravit.
370 985 410 1021 Id
434 985 538 1034 quod
561 987 766 1036 prudenter
785 988 955 1035 advertit,
982 991 1018 1026 &
1048 991 1237 1039 eleganter
1270 990 1440 1030 describit
1467 990 1528 1030 M.
1547 994 1693 1039 Cicero,

87 1039 234 1077 eumad
254 1038 417 1076 amicum
441 1039 491 1077 ita
508 1040 664 1079 scribat:
710 1040 808 1079 Cato
831 1043 972 1094 optz'me
993 1042 1137 1094 fi’ntit,
1153 1043 1232 1096 fid
1261 1053 1371 1083 nocet
1402 1045 1598 1085 interdum
1627 1050 1697 1087 re.ia

79 1092 288 1202 ffablicag:
316 1092 488 1154 loquitur
513 1096 613 1134 enim
637 1103 830 1149 tanquam
848 1097 890 1134 in
917 1096 1109 1150 republica
1130 1101 1309 1147 Platonis,
1333 1113 1407 1138 non
1437 1109 1629 1154 tanquam
1655 1105 1698 1141 in

110 1161 198 1187 aece
260 1152 392 1187 omuli.

531 1276 573 1306 2.
623 1259 668 1304 T
685 1278 711 1307 Y
730 1278 751 1305 P
765 1277 793 1306 H
811 1279 838 1306 ο
857 1280 903 1318 Ν,
933 1262 1032 1326 five
1069 1263 1267 1312 Rebellis.

120 1410 123 1413 .
143 1379 369 1416 NARRAN
382 1388 406 1413 T
421 1373 763 1428 po'etaeJnnonem
782 1376 1029 1426 indignatam,
1040 1378 1144 1425 quod
1154 1374 1321 1429 Jupiter
1332 1375 1542 1415 Palladem
1567 1391 1609 1416 ex
1625 1379 1698 1418 sese

90 1431 166 1470 sine
181 1445 222 1469 ea
243 1431 447 1481 peperiss'et,
475 1443 610 1467 omnes
634 1432 738 1468 Deos
768 1443 878 1480 atquc
906 1433 1005 1467 Deas
1025 1433 1196 1483 precibus
1222 1432 1397 1482 fatigasse,
1421 1441 1463 1470 ut
1491 1432 1564 1484 ipsa
1584 1437 1699 1472 etiam

90 1485 285 1538 fineJove
298 1497 449 1536 partum
465 1487 610 1523 ederet:
641 1487 688 1522 Et
703 1487 899 1536 postquam
920 1487 1136 1533 violentiae,
1169 1489 1205 1525 ὅ(
1226 1487 1506 1539 importunitati
1537 1491 1612 1533 ejus
1637 1502 1698 1527 an<

90 1542 261 1589 fluissent,
277 1552 415 1579 terram
430 1542 494 1578 illa
509 1537 706 1588 concusfit,
731 1554 774 1578 ex
789 1554 867 1593 quo
890 1552 1001 1578 motu
1018 1537 1173 1593 Typhon
1200 1553 1310 1580 natus
1325 1542 1385 1589 est,
1411 1542 1623 1580 monstrum
1646 1545 1699 1584 in-

88 1610 180 1648 gens
209 1600 244 1635 &
273 1597 520 1634 horrendum.
575 1597 642 1633 Ille
669 1595 828 1646 serpenti
852 1597 969 1634 veluti
1009 1596 1169 1634 nutritio
1195 1598 1300 1634 datus
1327 1595 1388 1644 est,
1418 1608 1460 1634 ut
1488 1599 1534 1635 ab
1558 1611 1607 1637 eo
1625 1602 1698 1637 ale-

89 1663 204 1690 retur.
261 1653 300 1689 N
306 1664 347 1688 ec
362 1664 482 1697 mora,
498 1651 694 1701 postquam
708 1651 935 1698 adolevisset,
953 1653 1047 1702 quin
1063 1652 1206 1690 bellum
1225 1651 1333 1703 Jovi
1347 1663 1534 1690 moveret.
1590 1655 1634 1691 In
1650 1667 1699 1693 co

90 1705 269 1746 ‘conflictu
283 1704 448 1758 Jupiter
467 1706 507 1743 in
534 1707 753 1757 potestatem
769 1705 928 1756 gigantis
942 1709 1057 1754 venit,
1084 1709 1150 1756 qui
1177 1709 1288 1745 illum
1317 1706 1356 1745 in
1377 1707 1557 1744 humeros
1581 1709 1700 1747 subla-

92 1773 178 1801 tum
197 1765 238 1800 in
252 1764 451 1812 regionem
472 1772 661 1798 remotam
683 1764 720 1798 &
744 1762 940 1799 obscuram
964 1762 1236 1812 transportavit,
1266 1764 1303 1800 δε
1330 1761 1483 1799 concifis
1512 1763 1633 1800 nervis
1662 1767 1701 1802 <Sc

93 1830 279 1857 manuum
313 1820 350 1854 ὃ(
387 1817 541 1867 pedum,
579 1820 616 1853 δε
652 1817 779 1854 secum
815 1815 985 1866 abreptiS,
1015 1830 1193 1854 mancum
1230 1820 1266 1855 δε
1288 1818 1508 1855 mutilatum
1536 1817 1698 1868 reliquit.

93 1871 317 1911 Mercurius
332 1883 459 1909 autem
472 1869 746 1922 nervosJovis
762 1868 934 1924 Typhoni
949 1871 1147 1910 suffuratus
1170 1873 1231 1920 est,
1251 1883 1363 1920 atque
1385 1884 1449 1910 eos
1477 1870 1584 1923 Jovi
1603 1874 1699 1912 resti-

94 1929 188 1966 tuit:
218 1926 384 1979 Jupiter
399 1927 655 1974 confirmatus,
673 1927 838 1964 belluam
859 1926 980 1964 rursus
996 1927 1180 1980 impetiit3
1207 1941 1249 1965 ae
1263 1926 1429 1979 primum
1444 1927 1605 1965 fulmine
1621 1931 1699 1968 vul-

95 1981 249 2030 neravit,
271 1995 314 2020 cx
334 1983 437 2025 cuius
453 1982 632 2032 sanguine
660 1981 847 2034 serpentes
873 1981 950 2020 nati
984 1981 1079 2020 sunt.
1138 1985 1243 2020 Tum
1262 1984 1420 2020 demum
1445 1994 1633 2031 ruentem,
1661 1986 1700 2022 δε

95 2037 304 2088 fugientem
327 2035 542 2088 (AEt7mm
557 2037 662 2087 super
687 2051 774 2075 eum
795 2036 987 2085 jaculatus)
1026 2039 1131 2076 mole
1151 2039 1297 2076 montis
1316 2034 1507 2087 oppreflit.
1564 2039 1699 2076 Fabula.

95 2094 143 2131 de
162 2093 316 2131 fortuna
331 2105 465 2142 regum
479 2094 576 2130 varia
592 2095 628 2129 &
644 2091 920 2139 rebellionibus,
945 2105 1039 2141 quae
1055 2095 1096 2131 in
1113 2093 1341 2131 monarchiis
1361 2093 1590 2142 quandoque
1621 2106 1701 2131 eve«

97 2151 180 2199 nite
203 2148 492 2198 consueverunt,
515 2147 675 2185 confista
685 2148 745 2185 est.
801 2149 924 2197 Reges
939 2147 1042 2185 enim
1062 2151 1186 2198 regnis
1202 2148 1286 2196 suis,
1300 2158 1342 2185 ut
1356 2146 1521 2200 Jupiter
1535 2146 1701 2198 Junoni,

98 2203 214 2246 veluti
231 2202 464 2241 matrimonii
481 2203 637 2241 vinculo
665 2201 781 2250 junCti
804 2204 901 2240 reete
927 2203 1151 2241 censentur:
1194 2204 1256 2241 sed
1277 2202 1410 2240 accidit
1423 2215 1704 2255 nonnunquam

97 2255 379 2310 utfiinpcrandi
405 2257 678 2295 consuetudine
701 2256 899 2310 depravatI,
933 2260 971 2295 ὅ(
1003 2257 1042 2295 in
1070 2259 1312 2308 tyrannidem
1335 2268 1541 2307 vergentes,
1572 2258 1703 2298 omnia

100 2316 145 2352 ad
161 2313 197 2350 se
212 2313 369 2360 trahant,
393 2315 430 2350 ὃς
457 2323 683 2364 contempto
709 2313 891 2350 ordinum
914 2312 953 2348 δε
974 2312 1119 2350 senatus
1148 2312 1202 2351 sui
1233 2312 1427 2359 consensu,
1451 2325 1495 2349 ex
1518 2312 1591 2350 sese
1609 2316 1704 2363 pari-

100 2380 186 2407 ant:
231 2369 344 2416 idest,
377 2380 420 2406 cx
443 2367 596 2405 arbitrio
622 2366 777 2420 proprio
799 2370 834 2404 δε
861 2369 1023 2418 imperio
1047 2380 1156 2405 mero
1183 2369 1316 2405 cuneta
1337 2366 1604 2406 administrent.
1660 2369 1704 2406 Id

98 2425 231 2476 populi
254 2436 361 2473 aegre
381 2423 555 2470 ferentes,
584 2425 621 2460 &
637 2422 701 2473 ipsi
721 2421 932 2460 moliuntur
948 2433 1057 2472 caput
1077 2422 1231 2472 aliquod
1247 2434 1373 2460 rerum
1401 2434 1447 2460 ex
1479 2422 1553 2460 sese
1579 2435 1705 2462 creare

101 2483 140 2516 ὃς
168 2480 358 2516 extollere.
416 2480 467 2516 Ea
496 2491 553 2515 res
591 2491 634 2516 ex
659 2480 807 2516 occulta
839 2476 1088 2515 solicitatione
1121 2476 1312 2515 nobilium
1334 2479 1372 2515 &
1394 2489 1594 2528 procerum
1627 2478 1705 2517 fere

101 2532 207 2572 initia
228 2532 351 2580 sumit,
372 2534 506 2585 quibus
526 2533 828 2580 conniventibus,
861 2543 945 2570 tum
965 2535 1095 2583 populi
1129 2532 1316 2570 suscitatio
1338 2542 1526 2574 tentatur3
1568 2545 1612 2570 ex
1631 2546 1704 2584 qua

103 2601 231 2637 tum-or
245 2588 397 2638 quidam
412 2600 536 2625 rerum
555 2589 633 2638 (per
650 2585 842 2641 Typhonis
857 2588 1056 2626 infantiam
1071 2586 1310 2638 significatus)
1336 2588 1512 2637 sequitur.
1567 2587 1701 2636 Atque

105 2642 172 2682 isse
192 2654 317 2681 rerum
332 2644 440 2680 status
456 2644 500 2680 ab
521 2642 625 2681 insita
641 2646 759 2693 plebis
771 2642 946 2694 pravitate
961 2646 997 2680 ὅ(
1012 2654 1142 2681 natura
1159 2642 1323 2693 maligna
1347 2643 1534 2693 (serpente
1556 2644 1705 2693 regibus

103 2696 354 2747 infestissimo)
372 2697 589 2736 nutricatur.
641 2699 868 2741 Defecitione
884 2708 1011 2736 autem
1034 2699 1175 2737 viribus
1203 2700 1351 2745 coalita,
1382 2699 1573 2748 postremo
1587 2711 1643 2735 res
1662 2697 1702 2735 in

101 2765 265 2806 apertam
281 2755 529 2791 rebellionem
545 2753 734 2806 erumpit;
762 2767 856 2803 quae
870 2755 957 2805 quia
971 2752 1116 2791 infinita
1139 2754 1238 2791 mala
1257 2755 1295 2791 ὃ(
1322 2754 1472 2803 regibus
1492 2756 1528 2790 ὃ(
1555 2750 1701 2804 populis

104 2808 250 2862 infligit,
276 2809 341 2846 sub
361 2807 436 2846 dira
451 2808 513 2845 illa
542 2805 735 2861 erphonis
760 2806 882 2859 effigie
912 2808 1216 2860 repraesentatur,
1246 2810 1286 2846 in
1311 2821 1385 2857 qua
1407 2819 1562 2851 centum
1585 2805 1701 2856 capita

105 2860 157 2901 ob
171 2863 299 2914 divisas
315 2862 519 2914 potestateS,
543 2877 609 2901 ora
624 2863 856 2902 flammantia
878 2865 930 2902 ob
956 2863 1139 2911 incendia,
1164 2866 1346 2914 anguium
1360 2860 1511 2913 cingula
1533 2862 1583 2898 ob
1597 2860 1699 2911 pesti—

106 2921 248 2969 lentias,
266 2919 498 2969 (pracsertim
515 2921 553 2955 in
576 2917 862 2969 obsidionibus)
886 2931 1020 2970 manus
1043 2919 1184 2958 ferreae
1201 2919 1252 2956 ob
1267 2918 1408 2966 caedes,
1432 2928 1572 2966 ungues
1600 2915 1701 2964 aqui-

95 2968 245 3014 'lini'ob
260 2975 413 3026 rapinas,
433 2986 570 3026 corpus
588 2975 728 3026 plumis
749 2975 969 3013 contcstum
990 2975 1042 3012 ob
1064 2978 1465 3027 perpetuos‘ruinores,
1488 2973 1524 3009 &
1539 2970 1700 3025 nuncios

108 3031 144 3065 ὃ(
159 3027 433 3080 trepidationes,
457 3031 495 3067 δὲ
510 3028 735 3075 hujusmodi.
793 3029 924 3078 Atque
947 3027 1137 3071 interdum
1153 3028 1376 3070 rebelliones
1397 3026 1480 3067 istae
1503 3025 1582 3063 t'am
1599 3037 1700 3074 prae-

107 3083 247 3122 validae
264 3083 359 3130 sunt,
382 3093 423 3135 ut
451 3097 554 3135 reges
577 3096 773 3134 cogantur,
796 3095 977 3134 tanquam
1002 3097 1022 3122 a
1057 3084 1256 3128 rebellibus
1280 3079 1527 3135 transportati,
1567 3077 1700 3127 relicliis

106 3139 211 3188 regni
244 3137 388 3177 sedibus
419 3141 455 3176 ὅτ
478 3137 638 3184 'urbibus
669 3138 866 3192 primariis,
894 3141 992 3180 vites
1019 3140 1254 3190 contrahere,
1280 3141 1319 3179 s&
1350 3139 1392 3176 in
1422 3135 1611 3193 remotam
1637 3132 1699 3189 ali-

479 3198 482 3199 ’
826 3198 828 3200 ·
1054 3197 1057 3201 ·
1157 3198 1160 3199 ’
1379 3193 1381 3197 “
1409 3207 1411 3209 >
1588 3199 1701 3237 quam

1773 252 1867 298 351
