1973 3570
139 223 238 286 175
408 211 873 264 HISTORIA
932 206 1184 254 VITAE
1244 202 1351 250 ET
1408 200 1742 248 MORTIS.

344 326 406 364 15.
436 315 606 353 VALDE
634 309 808 364 pusillum
829 306 878 346 est
903 317 1063 358 tempus,
1093 318 1172 354 quo
1197 314 1327 341 natura
1353 301 1563 339 anhelitum
1588 306 1732 352 repetit,
1772 314 1885 353 atque

277 372 411 422 expelli
425 370 625 418 fuliginem
636 368 729 403 aeris
745 367 784 402 in
798 363 997 413 pulmones
1013 362 1168 407 attracti,
1186 362 1222 397 ὃ(
1233 368 1424 395 recentem
1439 358 1671 408 intro-recipi
1686 357 1885 402 desidera&

280 426 339 466 vix
360 435 459 462 certe
483 414 529 460 ad
548 424 700 459 tertiam
720 430 863 471 partem
886 419 1064 453 minutae.

339 492 354 518 1
365 481 400 516 6.
430 481 623 517 Runsus
639 475 761 524 pulsus
774 474 992 510 arteriarum
1007 473 1043 507 <Se
1059 479 1185 506 motus
1200 469 1336 513 cordiS,
1355 465 1503 515 systole's
1519 469 1553 504 ὃ(
1569 468 1749 515 diastoles,
1770 470 1888 521 triplo

282 537 451 575 velocior
467 544 579 581 quam
596 530 810 581 respiratio3
831 527 925 564 adeo
941 536 981 563 ut
996 523 1021 561 fi
1034 525 1113 562 fieri
1128 524 1256 576 posset,
1279 533 1318 559 ut
1335 524 1398 559 ille
1413 532 1539 558 motus
1550 521 1589 558 in
1606 524 1731 569 corde,
1751 522 1889 573 absque

284 589 443 629 inhibita
470 586 710 638 respiratione
734 582 801 620 sisti
827 581 955 632 pollet,
994 579 1206 628 sequeretur
1234 590 1337 615 mors
1357 579 1470 615 etiam
1496 578 1665 624 celerius,
1702 590 1816 627 quam
1845 591 1888 616 ex

285 641 588 693 strangulatione.
1337 686 1344 693 ‘

347 711 361 736 1
374 709 407 745 7.
437 698 566 737 Usus
581 706 707 732 tamen
724 696 760 730 δε
775 690 1021 736 consuetudo,
1051 691 1091 726 in
1107 689 1172 725 hac
1189 688 1345 725 naturali
1367 686 1512 723 afflone
1529 687 1780 736 respirationis
1795 699 1890 725 non-

290 755 386 792 nihil
401 753 518 792 valets
547 761 587 787 ut
603 752 642 787 in
659 748 912 786 urinatoribus
927 746 1059 790 DeliiS,
1088 746 1124 780 ὅ(
1139 743 1380 794 piscatoribus
1399 742 1599 792 perlatum,
1629 744 1693 790 qui
1709 752 1893 794 perpetuo

290 809 369 854 usu,
391 807 591 855 decuplum
605 805 785 853 temporis
800 802 844 838 ad
861 802 1079 844 minimum,
1102 801 1263 834 retinere
1279 797 1486 833 anhelitum
1501 792 1662 846 possunt,
1692 798 1892 848 plusquam

291 876 362 914 pro
380 863 525 898 ratione
541 858 701 896 aliorum
716 858 930 894 hominum.

351 930 365 954 1
377 917 411 954 8.
444 917 540 952 SUN
551 926 575 950 T
591 925 634 949 ex
649 912 883 956 animalibus,
907 907 1018 946 etiam
1034 920 1077 944 ex
1092 908 1135 943 iis
1151 919 1244 954 quae
1259 907 1458 955 pulmones
1475 906 1625 952 habent,
1655 908 1724 943 alia
1739 919 1833 956 quae
1846 908 1893 944 ad

292 974 443 1015 longius
469 979 627 1019 tempus,
663 968 734 1003 alia
753 978 846 1014 quae
873 964 919 1000 ad
943 964 1101 1008 brevius,
1140 962 1348 998 anhelitum
1374 961 1550 998 cohibere
1573 961 1746 1012 pofl'unt3
1783 973 1895 1013 prout

293 1012 439 1071 maiore
460 1023 595 1061 scilicet
616 1032 678 1059 aut
694 1022 844 1058 minore
866 1020 1038 1067 indigent
1055 1017 1262 1065 refrigerio.

355 1092 414 1128 19.
446 1081 611 1117 PISCES
634 1079 785 1114 minore
807 1075 978 1123 indigent
1002 1072 1212 1121 refrigerio,
1240 1082 1353 1119 quam
1378 1071 1552 1107 animalia
1570 1070 1773 1112 terrestria3
1801 1072 1896 1109 indi-

295 1146 386 1186 gent
411 1144 552 1179 tamen,
581 1142 691 1180 atque
712 1131 977 1179 refrigerantur
996 1139 1062 1176 per
1084 1127 1296 1163 branchias:
1326 1125 1456 1174 Atque
1480 1127 1803 1173 quemadmodum
1826 1137 1898 1164 ter-

297 1182 421 1228 restria
435 1191 559 1226 aerem
575 1188 688 1224 nimis
699 1186 897 1230 fervidum,
919 1193 980 1220 aut
991 1181 1195 1227 occlusum,
1224 1192 1305 1218 non
1320 1181 1464 1221 ferunt3
1493 1182 1545 1217 ita
1561 1183 1595 1217 ὅ(
1611 1180 1738 1232 pisces,
1750 1183 1790 1218 in
1805 1194 1899 1231 aqua

298 1247 417 1295 glacie
431 1245 598 1281 totaliter
615 1245 651 1279 ὃ(
666 1242 804 1278 diutius
820 1248 1008 1288 cooperta,
1039 1236 1280 1274 suffocantur.

355 1311 417 1337 20.
450 1300 473 1335 S
483 1310 497 1335 1
510 1297 653 1349 spiritus
667 1295 845 1333 insultum
856 1293 1012 1346 patiatur
1024 1293 1069 1329 ab
1080 1293 1154 1328 alio
1163 1292 1297 1337 calore,
1310 1293 1468 1342 proprio
1480 1291 1594 1338 longe
1603 1290 1903 1339 vehementiore,

298 1350 491 1406 dissipatur
520 1356 556 1390 δε
581 1352 758 1402 perditur.
815 1351 854 1387 Si
881 1350 986 1386 enim
1012 1348 1210 1395 proprium
1239 1348 1405 1382 calorem
1433 1358 1515 1382 non
1544 1344 1725 1391 iustineat,
1765 1346 1903 1395 absque

298 1408 506 1456 refrigerio,
535 1408 660 1444 multo
683 1408 809 1443 minus
824 1405 990 1441 alienum
1013 1399 1256 1438 intensiorem
1271 1402 1432 1438 tolerare
1454 1400 1591 1449 potest;
1621 1401 1657 1437 id
1681 1400 1846 1438 cernitur
1860 1404 1902 1439 in

300 1453 467 1502 febribus
493 1462 721 1506 ardentibus,
759 1461 823 1496 ubi
851 1460 953 1494 calor
981 1456 1188 1493 humorum
1215 1455 1510 1504 putrefaetorum
1538 1456 1703 1493 calorem
1732 1457 1906 1495 nativum

302 1519 458 1568 superat,
489 1517 602 1564 usque
617 1516 662 1552 ad
677 1515 948 1552 extinctionem
964 1509 1034 1549 five
1049 1507 1342 1559 diffipationem.

363 1584 422 1610 21.
460 1573 620 1609 SOMNI
645 1582 798 1618 quoque
820 1568 1028 1617 indigentia
1051 1568 1088 1603 ὅ(
1108 1565 1192 1603 usus
1216 1565 1374 1602 refertur
1398 1565 1443 1602 ad
1466 1565 1715 1614 refrigerium.
1772 1568 1905 1606 Motus

305 1629 409 1666 enim
425 1627 596 1676 spiritum
616 1634 783 1662 attenuat
800 1626 837 1661 ὅ(
859 1622 1041 1668 rarefacit,
1071 1623 1107 1658 ὅ(
1122 1622 1286 1658 calorem
1308 1622 1384 1665 ejus
1399 1622 1497 1658 acuit
1513 1624 1549 1658 ὃ(
1564 1623 1739 1658 intendit.
1798 1625 1906 1660 Som-

305 1696 374 1720 nus
397 1692 528 1718 contra
543 1690 695 1718 motum
718 1682 755 1717 ὃς
769 1677 973 1715 discursum
996 1677 1073 1722 ejus
1089 1675 1187 1713 sedat
1213 1678 1248 1712 &
1264 1676 1477 1727 compescit.
1535 1674 1608 1712 Etsi
1631 1678 1735 1713 enim
1752 1677 1909 1716 somnus

304 1739 469 1775 actiones
492 1738 654 1788 partium
670 1734 918 1784 &spirituum
944 1732 1203 1778 mortualium,
1233 1733 1269 1768 δε
1293 1743 1451 1768 omnem
1466 1741 1617 1768 motum
1642 1732 1687 1769 ad
1711 1734 1907 1771 circumfe-

308 1794 470 1829 rentiam
498 1792 667 1841 corporis
693 1791 848 1827 roboret
872 1791 909 1825 ὃς
931 1796 1176 1837 promoveat3
1209 1795 1338 1823 tamen
1361 1796 1513 1823 motum
1537 1789 1733 1838 proprium
1761 1788 1909 1838 spiritus

309 1849 384 1886 vivi
406 1859 540 1896 magna
564 1858 606 1882 ex
621 1855 724 1897 parte
749 1843 922 1894 consopit
938 1845 974 1880 ὅ(
997 1840 1224 1890 tranquillat.
1281 1842 1336 1877 At
1358 1840 1512 1877 somnus
1535 1843 1764 1891 regulariter,
1794 1842 1910 1881 semel

311 1904 410 1939 intra
427 1912 479 1950 24
497 1901 617 1947 horas,
647 1910 799 1937 naturae
814 1899 998 1936 humanae
1019 1897 1187 1943 debetur,
1215 1894 1326 1944 idque
1342 1896 1386 1932 acl
1402 1895 1460 1933 sex
1479 1906 1541 1933 aut
1557 1898 1725 1945 quinque
1740 1899 1848 1936 horas
1862 1899 1911 1936 ad

312 1958 540 1997 minimum;
575 1958 663 1993 licet
685 1953 755 1992 sint
779 1955 891 1992 etiam
918 1955 959 1990 in
981 1952 1049 1989 hac
1072 1962 1175 2003 parte
1201 1952 1428 2000 quandoque
1451 1961 1605 1989 naturae
1629 1954 1830 1994 miraculas
1868 1963 1910 1992 ut

312 2012 471 2048 refertur
500 2011 547 2048 de
572 2011 803 2057 Maecenate,
839 2008 944 2058 quod
970 2009 1090 2056 longo
1113 2017 1287 2059 tempore
1310 2017 1397 2043 ante
1422 2007 1573 2043 obitum
1597 2020 1680 2044 non
1704 2008 1910 2046 dormisset.

312 2067 443 2114 Atque
475 2066 522 2102 de
555 2064 760 2115 indigentia
793 2061 975 2114 refrigerii
1009 2063 1053 2098 ad
1083 2061 1254 2112 spiritum
1288 2061 1586 2100 conservandum
1619 2063 1708 2101 hacc
1741 2062 1913 2112 inquisita

311 2120 395 2158 fint.

330 2213 333 2215 .
370 2187 433 2212 22.
462 2177 602 2227 QUOD
617 2187 708 2214 vero
723 2175 767 2212 ad
790 2176 941 2212 tertiam
957 2173 1206 2221 indigentiam
1220 2173 1367 2218 attinet,
1398 2171 1581 2219 (alimenti
1596 2171 1747 2221 scilicet)
1764 2173 1912 2211 videtur

315 2232 379 2268 illa
404 2230 448 2267 ad
473 2241 592 2279 partes
615 2232 741 2281 potius
764 2242 877 2278 quam
896 2230 942 2266 ad
965 2228 1135 2280 spiritum
1157 2229 1283 2266 vivum
1305 2230 1502 2277 pertinere.
1558 2229 1677 2264 Facile
1702 2230 1806 2265 enim
1830 2231 1913 2278 quis

315 2286 451 2332 credat,
482 2286 651 2334 spiritum
671 2287 799 2323 vivum
824 2282 1007 2321 subsistere
1027 2285 1068 2320 in
1091 2283 1299 2329 identitate,
1328 2295 1409 2320 non
1427 2279 1771 2334 persucceffionem
1781 2295 1843 2321 aut
1859 2295 1915 2321 rc-

315 2342 572 2377 novationem.
628 2339 759 2388 Atque
769 2339 892 2388 quoad
905 2340 1070 2376 animam
1090 2336 1309 2375 rationalem
1322 2339 1362 2374 in
1381 2337 1550 2383 homine,
1571 2347 1676 2375 certo
1695 2341 1831 2376 certius
1852 2339 1912 2385 est,

317 2406 400 2432 eam
420 2407 490 2431 nce
511 2407 553 2431 ex
578 2395 729 2431 traduce
752 2394 834 2441 effe,
863 2406 934 2430 nec
965 2394 1136 2443 reparari,
1165 2405 1236 2429 nec
1262 2391 1432 2428 interire:
1461 2392 1686 2440 Loquuntur
1712 2394 1759 2430 de
1784 2394 1916 2444 spiritu

321 2451 478 2485 naturali
493 2449 723 2495 animalium,
735 2459 846 2498 atque
861 2450 975 2486 etiam
989 2448 1268 2496 vegetabilium,
1281 2448 1345 2494 qui
1362 2447 1406 2483 ab
1420 2445 1482 2483 illa
1497 2448 1611 2485 altera
1625 2448 1863 2487 essentialiter
1878 2452 1916 2487 ὃ(

320 2504 530 2540 formaliter
551 2503 696 2544 differt3
734 2516 775 2540 ex
798 2504 936 2541 horum
962 2501 1064 2540 enim
1087 2499 1319 2547 confufione,
1348 2501 1676 2552 metempsychosis
1699 2505 1774 2545 illa,
1803 2507 1840 2544 ὅ(
1861 2503 1917 2542 in-

321 2571 478 2594 numera
493 2569 570 2595 tam
585 2557 837 2605 ethnicorum,
865 2570 979 2607 quam
999 2557 1288 2602 haereticorum,
1318 2567 1536 2594 commenta
1551 2569 1785 2596 emanarunt.

378 2623 439 2662 23.
471 2615 573 2651 ΚΒΝ
583 2625 708 2651 OVAT
719 2624 733 2651 1
743 2625 768 2649 o
783 2625 846 2661 per
862 2615 1087 2650 alimentum
1102 2610 1140 2649 in
1155 2623 1315 2660 corpore
1331 2611 1510 2659 humano,
1532 2614 1751 2662 regulariter
1764 2612 1921 2664 singulis-

321 2666 450 2704 diebus
475 2667 683 2715 requiritur.
740 2668 978 2704 Triduanum
1007 2677 1133 2704 autem
1158 2667 1342 2712 jejunium
1364 2667 1457 2703 sanis
1486 2669 1546 2705 vix
1570 2669 1773 2706 toleratur:
1815 2670 1918 2710 Usus

322 2732 450 2759 tamen
476 2724 511 2759 ὃ(
531 2723 776 2769 consuetudo,
814 2724 929 2759 etiam
954 2723 994 2758 in
1019 2722 1086 2759 hac
1111 2731 1225 2770 parte,
1261 2720 1359 2758 haud
1384 2733 1517 2773 parum
1541 2724 1658 2760 valet:
1695 2723 1750 2760 At
1777 2726 1922 2762 morbo

322 2777 586 2826 languentibus
599 2775 722 2814 inedia
741 2779 867 2814 minus
882 2778 1001 2826 gravis
1017 2777 1075 2813 est.
1131 2777 1256 2813 Etiam
1272 2775 1426 2814 somnus
1446 2778 1724 2814 alimentationi
1741 2779 1921 2819 nonnihil

321 2843 435 2881 parat,
456 2831 777 2879 quemadmodum
794 2842 926 2869 contra
940 2831 1154 2869 exercitatio
1169 2843 1251 2868 eam
1266 2827 1445 2880 efflagitat
1461 2833 1587 2880 magis.
1642 2834 1788 2870 Inventi
1804 2836 1921 2872 etiam

327 2886 411 2924 sunt
434 2886 509 2932 (scd
533 2885 634 2935 raro)
655 2886 782 2934 aliqui,
812 2889 876 2935 qui
898 2887 1065 2935 quodam
1084 2895 1239 2924 naturae
1261 2888 1459 2933 miraculo,
1488 2884 1562 2923 fine
1578 2885 1664 2924 cibo
1687 2891 1723 2926 &
1738 2899 1845 2938 potu,
1873 2889 1923 2927 ad

326 2952 474 2992 tempus
488 2953 567 2978 non
583 2940 774 2978 mediocre
792 2943 974 2979 vixerunt.

385 3006 446 3044 24.
480 2997 714 3033 ConpoRA
737 3007 900 3041 mortua,
935 2995 961 3033 fi
983 3008 1064 3034 non
1088 2997 1373 3046 intercipiantur
1396 3008 1416 3032 a
1437 2995 1647 3044 putredine,
1684 2997 1823 3036 diutius
1844 2995 1923 3036 fine

330 3052 486 3088 notabili
517 3050 779 3100 absumptione
806 3049 1020 3089 subsistunt:
1058 3051 1116 3088 At
1142 3063 1300 3101 corpora
1327 3052 1409 3089 viva
1434 3062 1517 3087 non
1544 3052 1713 3091 multum
1738 3055 1835 3091 ultra
1859 3052 1922 3090 tri-

1801 3109 1923 3146 duum.

1872 3242 1875 3244 ’
1896 3233 1921 3277 3
