1973 3570
158 198 254 239 212

364 182 874 252 INQUISITIO
921 178 1027 228 DE
1081 175 1293 227 LUGE
1347 182 1448 228 ET
1497 179 1836 233 LUMINE„

296 296 357 322 ma
373 286 566 334 lignorum
582 283 723 321 fortem
739 285 815 321 edit
832 284 953 321 lucem
968 295 977 322 ς
1006 281 1158 318 flamma
1186 279 1333 331 spiritus
1348 281 1439 326 vini,
1478 281 1722 326 debilior-eim
1752 286 1900 328 flamma

297 341 505 378 carbonum
519 341 671 390 penitus
687 338 941 384 accensorum,
970 336 1111 374 fuscam
1125 336 1334 373 admodum
1349 337 1386 372 δε
1400 338 1460 374 vix
1474 334 1675 375 visibilem·
1727 339 1845 381 Aha..

963 428 1115 468 Colores
1128 426 1239 467 lacis.

352 520 391 559 4
409 511 443 546 V
455 520 504 546 ID
513 516 686 545 ENDUM
697 506 745 543 est
753 505 800 543 de
811 503 999 543 coloribus
1011 506 1113 550 lucis,
1126 504 1251 551 quales
1260 500 1342 549 sint,
1356 504 1481 551 quales
1491 515 1584 541 non.
1603 505 1803 545 Stellarum
1812 511 1905 546 aliae

300 564 477 603 candidae
495 563 591 609 lunt,
607 563 700 599 aliae
709 561 935 621 splendidae,
948 562 1039 597 aliae
1051 560 1197 605 rubeae,
1213 558 1305 595 aliae
1318 558 1526 607 plumbeae.
1557 560 1745 598 Flammae
1758 564 1906 601 ordina

303 619 388 665 riae,
409 620 467 655 &'
460 630 558 655 inter
575 629 645 663 ωε,
667 615 942 653 cornicationes
956 616 1127 661 coelitus,
1157 616 1193 651 ὅ(
1209 613 1381 650 flammae
1396 614 1557 664 pulveris
1572 616 1667 662 pyrii
1683 619 1845 654 maxime
1859 620 1906 655 al

302 675 440 711 bicant.
481 675 647 710 Flamma
661 671 843 723 sulphuris
859 672 1031 708 coerulea
1043 668 1103 717 est,
1125 672 1161 706 ὅ(
1176 668 1339 718 pulchra.
1379 669 1422 704 ln
1438 669 1621 716 aliquibus
1633 680 1758 706 autem
1773 684 1906 721 corpo-

302 728 402 766 ribus
427 728 510 765 sunt
539 738 741 776 purpureae
765 725 949 762 flammae.
1006 727 1100 762 Non
1131 725 1376 760 inveniuntur
1396 723 1570 760 fiammae
1592 725 1744 762 virides.
1799 729 1907 778 Quae

302 784 467 821 maxime
478 782 523 820 ad
536 782 761 818 viriditatem
775 781 944 826 i-nclinat,
960 780 1008 816 est
1021 781 1081 816 lux
1095 778 1310 815 cicindelae.
1355 778 1460 815 Nec
1452 790 1517 815 inv
1519 780 1697 815 eniuntur
1708 784 1907 820 coccineae

302 838 486 875 flammae.
542 837 720 872 Ferrum
712 836 876 884 ignitum
891 833 1145 871 rubicundum
1161 831 1230 872 est3
1250 834 1288 869 ὃς
1302 834 1415 881 paulo
1431 835 1614 870 intentius
1628 836 1792 882 ignitum
1807 837 1907 885 quast

303 891 499 930 candescit.
557 889 658 926 Alia.

915 939 1164 993 Reflexiones
1183 938 1292 979 lucis.

362 1030 396 1068 5.
425 1020 717 1064 VIDENDUM,
746 1020 840 1065 quae
859 1027 1020 1067 corpora
1034 1013 1395 1057 lucem'refle'c‘cun13
1424 1026 1465 1053 ut
1480 1015 1635 1065 specula,
1664 1029 1791 1066 aqu-ae,
1825 1010 1904 1057 rne-

306 1076 394 1111 talla
420 1075 549 1123 polita,
587 1074 687 1118 luna,
725 1083 910 1121 gemmae.
966 1072 1111 1108 Omni-a
1138 1069 1292 1119 liquida,
1332 1071 1370 1107 ὃς
1398 1071 1587 1120 superficie
1615 1073 1722 1109 valde
1751 1085 1905 1123 aequata

304 1133 341 1167 ὅ(
371 1130 476 1176 laevi,
516 1127 713 1178 splendent
739 1125 929 1164 nonnihil.
986 1124 1172 1179 Splendor
1192 1135 1317 1163 autem
1333 1124 1382 1162 est
1408 1126 1543 1175 gradus
1570 1127 1723 1175 quidam
1751 1128 1901 1180 pusillus

305 1185 472 1222 luminis.

358 1240 416 1276 V1
429 1251 453 1275 D
463 1250 520 1275 EN
532 1248 592 1274 ου
603 1247 636 1273 Μ
651 1246 802 1282 attente,
832 1245 959 1273 utrum
975 1235 1036 1273 lux
1058 1235 1229 1298 corporis
1243 1234 1358 1273 lucidi
1380 1235 1426 1272 ab
1441 1235 1517 1272 alio
1531 1247 1691 1285 corpore
1706 1238 1834 1276 lucido
1848 1252 1904 1277 re·

306 1294 404 1332 fieffi
419 1290 550 1342 possit:
581 1302 621 1328 ut
636 1290 661 1328 fi
683 1290 847 1328 sumatur
863 1291 1001 1329 ferrum
1026 1292 1202 1340 ignitum,
1231 1291 1268 1327 &
1284 1301 1499 1339 opponatur
1514 1291 1625 1328 radiis
1646 1291 1744 1330 solis.
1800 1295 1905 1333 Nam

306 1349 526 1387 reflexiones
550 1345 639 1384 lueis
661 1347 825 1383 omnino
846 1345 963 1396 super·
952 1319 1207 1384 -reflectuntui
1232 1344 1484 1395 &languentia
1503 1355 1630 1383 tamen
1642 1348 1838 1415 paulatim)
1859 1351 1907 1388 de'

307 1404 482 1456 ipeculo
474 1415 514 1440 in
530 1401 732 1452 speculum.
790 1401 890 1438 Alia.

856 1490 1216 1545 Mztltqplicationes
1229 1489 1339 1531 lucis.

358 1571 395 1606 6.
424 1569 702 1607 VIDENDUM
714 1567 760 1605 de
772 1567 1088 1617 multiplicatione
1102 1564 1204 1614 lucis,
1218 1575 1260 1605 ut
1269 1578 1335 1618 per
1347 1567 1492 1615 specula
1503 1566 1738 1618 perspectiva,
1760 1560 1906 1608 &fimi-⁷

304 1625 366 1670 lia,
403 1624 538 1672 qulbus
560 1622 640 1661 acui
662 1622 781 1675 potest
804 1624 878 1669 lux,
916 1623 953 1658 ὅ(
975 1622 1016 1659 in
1040 1620 1288 1672 longinquam
1310 1621 1467 1671 projici3
1504 1632 1566 1659 aut
1591 1623 1704 1659 etiam
1725 1623 1829 1661 reddi
1855 1626 1902 1663 ad

304 1678 579 1729 distinguendas
594 1690 650 1715 res
672 1675 829 1715 visibiles
845 1676 1013 1715 subtilius
1033 1679 1070 1714 &
1085 1677 1238 1718 meliuss
1268 1685 1309 1714 ut
1324 1676 1449 1715 videre
1464 1675 1513 1713 est
1526 1677 1622 1728 apud
1636 1678 1814 1726 pictores„
1836 1682 1903 1730 qui

302 1734 465 1784 phialam
480 1745 572 1782 aqua
586 1734 737 1785 plenam
750 1733 796 1771 ad
811 1732 1003 1769 candelam
1023 1731 1214 1769 adhibent.

355 1791 634 1828 ViDENDUM
650 1789 778 1834 etiam,
807 1798 900 1824 num
916 1787 1046 1825 omnia
1067 1788 1106 1823 in
1122 1787 1266 1831 majore
1286 1795 1429 1834 quanto
1444 1787 1568 1823 lucem
1587 1798 1668 1824 non
1689 1787 1902 1828 reflectant:

303 1845 366 1882 lux
395 1845 510 1890 enim,
553 1843 607 1889 (ut
633 1843 732 1880 credi
753 1836 893 1894 poffit,)
931 1852 992 1878 aut
1021 1839 1225 1890 pertransit,
1264 1851 1326 1877 aut
1356 1840 1566 1878 rcflefilitur.
1622 1843 1706 1894 Qua
1726 1842 1772 1879 de
1797 1844 1905 1886 eausa

302 1901 404 1946 luna,
444 1895 584 1936 etiamsi
611 1898 725 1936 fuerit
752 1909 886 1949 corpus
914 1908 1088 1948 opacum,
1126 1907 1254 1934 tamen
1283 1896 1334 1933 ob
1363 1907 1434 1932 ma
1428 1896 1665 1941 mitudinem
1694 1898 1817 1935 lucem
1844 1912 1907 1938 re-

304 1953 451 1991 fleuere
470 1949 596 2004 possit.

355 2009 629 2046 VIDENDUM
644 2008 917 2051 ctiani‚11tiuni
935 2006 1149 2056 aggregatio
1166 2017 1368 2055 corporum
1385 2005 1611 2053 lucidor,um
1633 2006 1756 2043 lucem
1774 2009 1900 2055 multi

302 2063 429 2113 plicet.
484 2062 614 2110 Atque
642 2063 689 2099 de
717 2062 920 2110 aequaliter
948 2060 1078 2098 lucidis
1106 2061 1357 2098 dubitandum
1390 2073 1471 2097 non
1500 2057 1563 2097 est.
1620 2061 1766 2100 Utrum
1795 2075 1899 2112 vero,

302 2119 365 2155 lux
389 2128 482 2166 quae
502 2118 644 2161 majore
669 2118 749 2153 luce
771 2118 918 2165 penitus
937 2116 1122 2161 obruitur,
1152 2125 1193 2153 ut
1214 2115 1330 2152 videri
1355 2127 1418 2164 per
1442 2115 1477 2152 se
1498 2127 1579 2152 non
1598 2112 1722 2165 poflit,
1752 2117 1900 2164 adjiciat

302 2183 433 2210 tamen
456 2172 595 2220 aliquid
624 2173 728 2217 lucis,
765 2172 986 2219 inquiratur.
1041 2171 1165 2207 Etiam
1185 2169 1375 2219 splendida
1404 2182 1572 2219 quaeque
1602 2171 1780 2208 nonnihil
1805 2174 1899 2212 lucis

302 2226 559 2265 contribuunt.
615 2226 740 2275 Magis
767 2227 871 2263 enim
894 2226 1060 2263 lucidum
1086 2225 1154 2263 erit
1179 2225 1406 2272 cubiculum,
1446 2224 1563 2262 lerico
1591 2237 1703 2273 quam
1730 2228 1814 2266 lana
1838 2241 1899 2266 or·

302 2293 444 2319 natum.
501 2281 776 2330 Multiplicatur
805 2281 917 2317 etiam
942 2281 1003 2318 lux
1026 2292 1090 2329 per
1116 2279 1399 2317 refraffionem:
1438 2291 1526 2316 nam
1551 2292 1723 2328 gemmae
1752 2284 1908 2332 angulis.

302 2333 502 2384 intercisae,
523 2339 560 2374 ὅ(
574 2337 714 2374 vitrum
729 2336 898 2384 fractum,
915 2337 1033 2385 magis
1046 2335 1254 2387 splendent,
1276 2347 1387 2384 quam
1399 2332 1425 2372 fi
1439 2336 1547 2384 plana
1561 2334 1711 2371 fuerint.
1740 2337 1842 2376 Alia.

867 2425 981 2469 Medi
998 2426 1179 2467 obruendi
1192 2427 1324 2466 lucem.

354 2508 676 2554 7.V11)1·:NDUM
691 2505 737 2542 de
757 2505 882 2543 modis
896 2504 1082 2543 obruendi
1097 2505 1242 2545 lucem3
1271 2502 1385 2542 veluti
1405 2516 1471 2556 per
1487 2504 1763 2556 exuperantiam
1774 2505 1891 2551 majo-

301 2564 351 2600 ris
367 2563 468 2608 lucis,
496 2562 711 2599 mediorum
731 2557 985 2598 craffitudines
1005 2569 1066 2597 aut
1087 2560 1297 2610 opacitates.
1353 2560 1464 2598 Radii
1484 2558 1572 2597 solis
1594 2569 1703 2606 certe,
1731 2560 1771 2595 in
1792 2560 1895 2598 flam·

301 2629 405 2654 mam
432 2616 508 2653 foci
536 2612 703 2663 immiffi,
743 2615 936 2652 flammam
966 2615 1082 2654 veluti
1113 2614 1262 2652 fumum
1291 2615 1480 2664 quendam
1507 2615 1690 2652 albiorem
1721 2625 1896 2666 apparere

300 2672 453 2712 faciunt.
507 2670 608 2708 Alia.

342 2747 345 2749 ·
786 2723 1041 2776 operationes
1047 2717 1138 2774 sive
1152 2720 1313 2774 efflHus
1332 2721 1441 2761 lucis.

355 2798 391 2836 8.
421 2798 698 2834 VIDENDUM
714 2797 759 2835 de
775 2796 1068 2846 operationibus,
1096 2792 1166 2833 sve
1182 2792 1372 2832 effetiibus
1389 2795 1491 2842 lueis,
1521 2794 1584 2841 qui
1600 2795 1705 2844 pauci
1723 2793 1825 2835 sunt;
1854 2797 1893 2834 δε

297 2853 343 2890 ad
359 2863 529 2912 corpora,
558 2850 772 2900 praesertim
788 2851 917 2898 solida,
935 2849 1124 2888 alteranda
1137 2860 1268 2902 parum
1282 2849 1444 2901 possunt.
1498 2847 1576 2884 Lux
1592 2849 1696 2884 enim
1710 2859 1796 2898 prae
1811 2861 1892 2887 om—

297 2907 408 2969 n'ibus
421 2905 456 2943 le
475 2915 640 2955 generat,
668 2907 754 2943 alias
773 2882 966 2954 qualitaies
985 2917 1104 2955 parce.

349 2963 449 2999 Lux
472 2971 573 2998 certe
591 2961 715 2996 ae'rcm
736 2960 914 2997 nonnihil
934 2970 1121 3000 attenuat3
1152 2957 1336 3009 spiritibus
1357 2958 1574 2996 animalium
1595 2966 1699 3005 grata
1722 2957 1782 3004 est,
1811 2959 1889 2995 eos2

296 3029 370 3077 que
398 3016 596 3055 exhilarat,
634 3015 809 3052 colorum
836 3017 1011 3052 omnium
1038 3017 1075 3051 ὃς
1094 3012 1294 3052 visibilium
1325 3014 1446 3052 radios
1476 2996 1714 3050 submo'rtuos
1743 3014 1893 3052 excitat.

274 3069 282 3076 '
297 3068 455 3110 Omnis'
453 3071 556 3109 enim
569 3070 677 3108 color
693 3070 807 3107 lucis
798 3080 925 3118 imago
942 3069 1049 3106 frasta
1066 3068 1123 3107 est
1181 3070 1280 3105 Alia

1753 3119 1890 3161 Allora
