1973 3570
102 296 217 355 ,³34

409 236 417 295 ἷ
471 270 1082 327 ΡΑΚΜΕΝῙΒῙΞ,
1144 230 1586 328 TELEsll,

268 390 366 419 ‚non
377 375 693 429 praeinexistente.
721 388 723 390 ·
751 373 933 421 Secunda,
957 385 1000 410 ex
1024 373 1132 424 copia
1146 380 1209 409 aut
1223 371 1406 423 paucitate
1422 370 1611 412 materiae.
1664 373 1828 422 Tertiae,
1840 379 1890 413 'ex

284 433 458 485 gradibus
491 429 725 471 subafflonis.
780 431 934 482 Quarta,
973 440 1014 465 ex
1055 425 1232 475 clausura,
1263 427 1322 463 vel
1342 436 1512 477 apertura
1540 428 1711 479 eorporis
1739 422 1888 467 subaffi.

283 489 403 543 Quod
422 489 467 526 ad
482 490 643 537 primam
658 488 806 532 attinet,
831 483 1008 534 supponit
1025 478 1188 532 Teleffus
1209 482 1251 518 in
1275 482 1456 518 omnibus
1482 482 1642 529 entibu3‚
1661 494 1758 531 quae
1777 484 1890 522 n'obis

285 546 441 594 cognita
467 542 565 589 sunt,
600 540 738 579 subcffe
776 549 888 588 atque
912 539 1056 576 latitare
1084 538 1252 574 calorem
1278 537 1525 582 nonnullum,
1558 538 1647 574 licet
1680 538 1725 574 ad
1749 539 1893 585 taihun

288 601 450 637 minime
465 595 777 650 deprehendatur,
807 593 871 643 qui
894 594 995 631 calor
1024 604 1112 629 cum
1131 603 1236 629 novo
1255 601 1318 628 aut
1348 589 1631 640 superveniente
1650 593 1776 630 calore
1801 604 1893 632 con-

288 655 458 703 jungitur
470 672 485 696 5
514 653 607 702 quin
626 653 663 688 δε
680 649 755 700 ipse
773 651 819 687 ab
840 648 977 686 eodem
997 648 1208 685 adventitio
1222 647 1346 683 calore
1364 646 1410 682 ad
1425 646 1591 683 actiones
1613 645 1692 684 suas
1715 659 1893 698 peragen-

289 710 354 746 das
367 710 481 746 etiam
496 709 536 744 in
554 706 709 755 proprio
724 704 885 741 modulo
900 704 1078 740 excitatur
1093 700 1436 750 atqueIncenditur.
1490 701 1610 747 Hujus
1624 702 1678 738 rei
1698 707 1894 751 argum-en-

273 774 376 802 .tum
404 762 474 800 effe
501 759 656 810 insigne,
697 759 801 807 quod
821 759 971 796 nullum
1001 756 1139 793 scilicet
1160 753 1203 793 fit
1226 768 1269 792 ex
1292 756 1452 802 entibus,
1473 767 1555 792 non
1577 758 1787 804 metallum,
1806 752 1894 796 non

290 817 391 870 lapis,
415 828 498 854 non
528 826 634 863 aqua,
675 825 757 850 non
794 815 867 859 ae‘r,
895 811 1000 860 quod
1028 822 1110 847 non
1139 822 1181 847 ex
1216 811 1365 857 attactu,
1397 821 1509 858 atque
1543 812 1655 848 etiam
1690 812 1736 848 ab
1764 811 1894 850 admo-

291 875 401 910 tione
429 870 537 920 ignis,
567 879 629 906 aut
652 868 824 919 corporis
848 866 958 903 calidi
988 864 1152 902 calescat.
1208 864 1325 916 Quod
1352 864 1492 902 factum
1517 866 1562 901 iri
1586 863 1783 904 verisimile
1811 880 1895 906 non

291 927 355 974 est,
378 923 446 963 nifi
465 925 568 961 calor
587 922 870 973 praeinexistens
893 923 929 958 &
944 921 1074 966 latens,
1100 920 1331 969 praeparatio
1346 920 1529 968 quaedam
1555 920 1641 957 ess'et
1668 922 1713 957 ad
1728 922 1895 961 calorem

293 991 443 1019 novum
486 980 524 1016 &
559 977 809 1015 manifestum.
880 977 1006 1013 Etiam
1034 975 1130 1013 illud
1168 975 1285 1024 magis
1327 976 1365 1011 δζ
1399 976 1538 1021 miuus,
1581 987 1719 1024 nempe
1744 975 1897 1016 facilita-
1948 975 1954 979 ’

293 1046 375 1074 tem
395 1043 458 1073 aut
486 1032 703 1071 tarditatem
726 1033 767 1069 in
790 1032 914 1069 calore
941 1029 1208 1082 concipiendo,
1235 1029 1342 1079 quod
1371 1031 1414 1066 in
1441 1030 1592 1067 entibus
1614 1032 1817 1079 invenitur,
1833 1031 1896 1070 ase-

294 1090 465 1129 cundum
491 1088 654 1126 modum
683 1087 816 1124 caloris
847 1086 1163 1139 praeinexistentis
1186 1093 1415 1134 competere.
1471 1083 1616 1121 Acrem
1650 1086 1754 1122 enim
1780 1098 1898 1136 parvo

292 1147 420 1183 calore
443 1142 643 1195 tepescere,
666 1152 779 1191 atque
801 1154 848 1179 eo
871 1141 936 1190 qui
960 1141 1000 1178 in
1029 1152 1189 1190 corpore
1218 1151 1333 1189 aquae
1355 1151 1441 1181 non,
1456 1139 1692 1192 percipiatur,
1727 1140 1789 1178 scd
1819 1141 1898 1180 sen-

293 1201 378 1239 sum
411 1199 554 1248 fugiat:
611 1199 726 1235 etiam
760 1208 895 1246 aquam
931 1194 1039 1233 citius
1073 1194 1271 1244 tepescere,
1313 1206 1425 1244 quam
1464 1193 1638 1246 lapidem,
1671 1206 1733 1232 aut
1766 1198 1897 1235 metal-

293 1257 390 1302 lum,
419 1263 481 1292 aut
508 1254 662 1291 vitrum.
719 1253 822 1289 Nam
844 1251 948 1300 quod
987 1250 1140 1301 aliquod
1172 1262 1214 1286 ex
1249 1248 1329 1296 istis,
1357 1250 1555 1286 metallum
1588 1248 1727 1287 scilicet
1755 1261 1820 1289 aut
1847 1253 1896 1290 la-

291 1312 362 1360 pis,
386 1311 494 1346 citius
516 1307 702 1357 tepescere
716 1306 883 1345 videatur
908 1317 1022 1354 quam
1045 1317 1149 1354 aqua,
1179 1304 1218 1341 id
1236 1314 1385 1342 tantum
1409 1306 1450 1341 in
1473 1303 1663 1353 superficie
1691 1306 1784 1352 fieri,
1813 1318 1897 1344 non

293 1367 338 1403 in
355 1363 568 1416 profund03
597 1364 685 1412 quia
699 1374 859 1414 corpora
887 1358 1118 1398 consistentia
1146 1358 1271 1396 minus
1285 1360 1617 1396 communicabilia
1647 1359 1791 1398 suntin
1817 1373 1896 1411 par-

292 1420 393 1457 tibus
422 1418 492 1456 suis
525 1430 639 1467 quam
673 1417 826 1466 liquida.
881 1417 1010 1463 Itaque
1046 1414 1184 1451 extima
1211 1414 1356 1455 metalli
1379 1414 1487 1451 citius
1516 1413 1673 1451 calefieri
1697 1427 1897 1469 quam-*exq-

296 1476 392 1512 tima
414 1485 540 1522 aquae,
556 1472 771 1521 universam
786 1480 911 1508 autem
932 1469 1090 1516 molem,
1106 1468 1259 1506 tardius,
1317 1468 1487 1505 Secunda
1505 1467 1717 1507 differentia
1741 1471 1902 1521 ponitur

293 1531 337 1566 in
371 1528 655 1565 coacervatione
694 1527 731 1562 δε
768 1525 1052 1577 exporreffioue
1087 1524 1275 1560 materiae.
1332 1524 1384 1560 Ea
1419 1521 1446 1560 fi
1474 1523 1585 1561 densa
1621 1523 1747 1573 fuerit,
1786 1524 1830 1564 fit
1855 1536 1899 1565 ut

294 1584 430 1621 caloris
469 1582 564 1620 vires
598 1582 717 1631 magis
748 1581 939 1626 uniantur,
975 1581 1012 1616 ὃς
1058 1591 1124 1630 per
1146 1579 1332 1616 unionem
1368 1579 1487 1628 magis
1523 1589 1728 1628 augeantur
1763 1582 1801 1618 &
1841 1581 1898 1620 im-

293 1638 522 1680 tendantur3
553 1646 698 1683 contra,
724 1633 751 1672 fi
773 1634 889 1673 laxior
910 1633 1033 1681 fuerit,
1064 1643 1105 1671 ut
1130 1632 1246 1683 magis
1268 1633 1528 1684 disgregentur
1555 1633 1593 1673 8(
1618 1647 1685 1686 per
1713 1634 1898 1686 disgrega-

295 1694 445 1730 tionem
469 1693 588 1742 magis
615 1690 834 1729 minuantur
867 1692 904 1727 ὃς
942 1699 1179 1728 enerventur.
1235 1690 1364 1738 Itaque
1396 1689 1598 1726 fortiorem
1631 1689 1702 1727 effe
1730 1691 1897 1730 calorem

295 1749 543 1785 metallorum
565 1748 790 1796 ignitorum,
817 1757 931 1795 quam
955 1744 1283 1794 aquaeferventis,
1309 1744 1423 1781 etiarn
1443 1755 1557 1793 quam
1582 1744 1756 1782 flammae
1775 1743 1897 1796 ipsius,

295 1801 364 1840 nisi
392 1802 495 1852 quod
531 1801 684 1838 flamma
709 1813 774 1851 per
804 1802 1030 1839 tenuitatem
1062 1801 1181 1850 magis
1209 1797 1404 1837 subintret.
1461 1800 1565 1838 Nam
1597 1798 1793 1837 flammam
1820 1813 1897 1852 cat-

296 1859 445 1896 bonum
471 1855 543 1894 five
573 1857 779 1906 lignorum,
809 1853 878 1893 nist
911 1855 1003 1892 flatu
1030 1856 1225 1901 excitetur,
1256 1863 1298 1891 ut
1322 1866 1387 1904 per
1419 1864 1572 1891 motum
1599 1853 1742 1892 facilius
1767 1851 1898 1906 impel-
1955 1888 1957 1891 ,

294 1914 393 1951 latur
408 1915 444 1950 &
459 1921 642 1962 penetret,
664 1918 747 1948 non
764 1910 973 1948 admodum
993 1909 1143 1951 fureres
1184 1909 1278 1959 quin
1302 1911 1339 1947 &
1358 1910 1561 1947 nonnullas
1575 1907 1746 1947 flammas
1761 1907 1898 1960 (qualis

295 1968 345 2004 est
360 1969 507 2017 spiritus
522 1966 611 2014 vini,
628 1966 853 2004 inflammati
868 1964 1082 2015 praesertim
1110 1966 1151 2002 in
1167 1966 1298 2014 exigua
1317 1966 1525 2013 quantitate
1546 1968 1582 2001 &
1604 1963 1780 2015 dispersa)
1801 1966 1900 2005 adeo

295 2023 392 2059 lenis
407 2024 542 2059 caloris
565 2022 646 2068 esse,
690 2031 731 2059 ut
755 2022 800 2059 ad
827 2031 985 2058 manum
1008 2021 1086 2058 fere
1107 2020 1304 2057 toleretur.
1359 2021 1489 2056 Tertia
1504 2018 1715 2061 differentia
1734 2032 1827 2069 quae
1841 2020 1897 2060 su-

295 2079 413 2115 mitur
436 2090 479 2115 ex
501 2077 717 2114 subactione
731 2077 920 2122 materiae,
941 2075 1142 2124 multiplex
1165 2075 1213 2112 est
1223 2092 1237 2117 ‚-
1279 2074 1414 2124 gradus
1434 2075 1539 2111 enim
1575 2073 1800 2112 subaCtionis
1819 2087 1896 2113 me-

295 2125 494 2170 morantur
509 2132 554 2168 ab
569 2144 616 2169 eo
636 2129 735 2180 quasi
755 2131 895 2181 septem
910 2145 921 2172 3
964 2142 1129 2180 quorum
1143 2131 1286 2182 primus
1300 2129 1361 2176 est,
1389 2131 1528 2176 lentor,
1557 2131 1622 2178 qui
1637 2128 1686 2166 est
1701 2128 1896 2180 dispofitio

295 2189 474 2224 materiae
509 2186 687 2224 exhibens
715 2198 852 2236 corpus
874 2185 920 2223 ad
948 2186 1134 2232 majorem
1161 2186 1384 2224 violentiam
1409 2183 1834 2233 nonnihilobsequem,
1857 2188 1897 2224 ὅ(

295 2238 595 2292 eompressionis,
619 2243 655 2279 &
679 2243 876 2293 praecipue
897 2238 1122 2278 extensionis
1136 2242 1291 2289 patiens,
1311 2238 1476 2278 fluxibile
1489 2239 1653 2288 denique
1668 2249 1730 2277 aut
1744 2239 1894 2279 ductile.

299 2297 501 2345 Secundus,
517 2295 709 2344 mollities,
729 2308 816 2334 cum
838 2297 982 2343 majore
995 2296 1178 2334 violentia
1195 2296 1251 2332 nil
1272 2293 1437 2346 opus-est,
1458 2293 1519 2331 sed
1540 2305 1675 2343 corpus
1690 2296 1804 2332 etiam
1818 2297 1892 2335 levi

296 2350 535 2401 impulsione,
560 2362 672 2401 atque
689 2352 734 2389 ad
754 2351 895 2389 tactum
918 2350 1037 2401 ipsum
1054 2348 1126 2389 five
1153 2362 1312 2388 manum
1343 2350 1441 2387 cedit
1469 2347 1606 2398 absque
1627 2347 1789 2388 evidenti
1811 2352 1897 2388 reti-

300 2406 437 2444 nentia.
493 2408 634 2454 Tertia‚
649 2405 829 2444 viscofitas
843 2404 913 2444 five
928 2407 1116 2452 tenacitas,
1131 2405 1285 2454 quaeest
1298 2404 1523 2456 principium
1540 2403 1735 2454 quoddam
1755 2403 1894 2443 fluoris.

298 2459 460 2499 Videtur
492 2461 596 2500 enim
631 2474 768 2512 eorpus
789 2461 974 2500 viscosum
995 2461 1041 2498 ad
1064 2461 1282 2497 contactum
1307 2462 1343 2496 δε
1370 2460 1614 2509 complexum
1641 2457 1789 2501 alterius
1814 2472 1897 2498 cor-

293 2514 397 2563 poris
424 2514 585 2567 incipere
605 2516 722 2554 fluere
740 2518 776 2554 ὅ(
800 2514 1024 2563 continuari,
1052 2527 1123 2552 nee
1143 2515 1179 2552 sc
1206 2514 1286 2566 ipso
1309 2513 1417 2562 finiri,
1441 2514 1526 2551 licet
1547 2513 1681 2564 sponte
1696 2512 1737 2555 ἃ,
1763 2513 1897 2555 exsese

297 2581 380 2606 non
399 2569 511 2612 fluat3
548 2570 708 2609 fluidum
731 2570 834 2608 enim
855 2570 908 2608 sui
931 2571 1063 2620 sequax
1083 2568 1148 2612 est,
1176 2569 1360 2608 viscosum
1381 2568 1530 2608 alterius
1557 2566 1683 2617 magis.
1739 2569 1896 2620 Quarta,

295 2617 495 2674 ipse-fluor,
515 2637 604 2663 cum
635 2639 772 2679 corpus
795 2625 940 2676 spiritus
967 2624 1153 2663 interioris
1174 2624 1353 2675 particeps
1381 2623 1421 2661 in
1450 2634 1562 2662 motu
1589 2622 1751 2661 versatur
1774 2622 1896 2663 libens

296 2680 335 2715 δε
354 2677 512 2729 seipsum
527 2680 701 2729 sequitur,
724 2691 836 2730 atque
851 2693 959 2731 aegre
978 2679 1165 2727 definitur,
1185 2690 1249 2717 aut
1268 2677 1437 2717 consistit.
1493 2676 1647 2730 Quinta,
1662 2688 1790 2726 vapor,
1805 2690 1895 2717 cum

294 2744 431 2785 corpus
452 2743 665 2773 attenuatur
685 2738 726 2773 in
748 2735 923 2784 intaCtilc,
947 2736 1054 2784 quod
1081 2733 1194 2773 etiam
1217 2736 1361 2781 majore
1388 2746 1479 2771 cum
1501 2731 1663 2782 agilitate
1686 2735 1723 2768 δε
1744 2732 1896 2771 mobili-

294 2797 371 2825 tate
393 2786 503 2839 cedit,
527 2787 620 2836 fluit,
655 2791 825 2838 undulat,
863 2790 1032 2841 trepidat.
1092 2791 1211 2837 Sexta,
1248 2788 1394 2836 halitus,
1427 2786 1492 2837 qui
1519 2799 1634 2836 vapor
1664 2784 1713 2822 est
1739 2785 1894 2835 quidam

294 2840 410 2894 magis
425 2843 552 2879 costus
573 2845 610 2879 ὃς
624 2855 804 2892 maturuS,
823 2848 856 2883 δε
876 2846 922 2883 ad
941 2845 1091 2896 igneam
1113 2855 1287 2882 naturam
1304 2842 1552 2894 recipiendam
1574 2840 1750 2878 minacius.
1808 2843 1893 2893 Sep-

236 2937 240 2942 ,
293 2891 448 2951 fimana,
461 2901 523 2934 aer
537 2895 635 2949 ipse;
663 2901 787 2936 aerem
806 2910 935 2938 autem
956 2898 1153 2938 contendit
1170 2895 1334 2949 Telestus
1350 2896 1513 2935 omnino
1528 2897 1651 2933 calore
1666 2895 1807 2944 nativo,
1830 2909 1895 2935 ne-

293 2963 368 3000 que
383 2964 431 2989 eo
445 2963 560 3002 parvo
574 2962 638 2989 aut
656 2950 870 3002 impotenti,
891 2955 1103 3004 praeditum
1119 2954 1209 2995 effe3
1251 2953 1355 3002 quod
1375 2950 1490 2989 etiam
1520 2949 1558 2987 in
1580 2946 1820 2999 frigidiffimis
1840 2964 1896 2989 re-

291 3002 466 3057 gionibus
493 3008 555 3044 a'er
573 3018 769 3056 nunquam
798 3010 1019 3058 congelatur
1041 3020 1104 3047 aut
1125 3006 1340 3046 concrescit.
1396 3005 1519 3043 Etiam
1548 3004 1640 3042 illud
1656 3004 1819 3043 evidenti
1839 3005 1895 3044 in-

291 3055 390 3113 dicio
405 3061 486 3108 effe,
501 3064 627 3100 ae'rem
641 3060 680 3098 in
695 3071 826 3098 natura
840 3063 987 3113 propria
1002 3063 1165 3101 calidum
1181 3063 1263 3109 ess'e,
1296 3061 1400 3110 quod
1428 3059 1554 3097 omnis
1581 3062 1642 3097 aei·
1666 3059 1819 3107 clausus,
1853 3063 1891 3099 &

291 3114 338 3152 ab
366 3114 600 3154 universitate
626 3115 717 3153 aelris
745 3114 917 3164 divulsus,
942 3117 980 3154 δε
1006 3117 1069 3156 sibi
1096 3116 1288 3166 permissus
1311 3127 1482 3165 teporem
1515 3113 1704 3151 manifeste
1736 3113 1894 3165 colligit,

291 3168 400 3215 utin
433 3172 516 3209 lana
544 3173 582 3209 δε
615 3171 724 3208 rebus
739 3169 891 3209 fibrofis.
946 3171 1069 3211 Etiam
1098 3172 1136 3209 in
1165 3170 1256 3208 locis
1280 3169 1403 3208 clausis
1434 3172 1471 3207 &
1499 3168 1668 3218 angustis,
1699 3171 1822 3206 a'e'rem
1847 3171 1894 3206 ad

1787 3223 1894 3272 respi-
