1973 3570
346 196 820 246 HISTORIA
881 197 1430 247 VENTORUM.

74 304 373 343 tormentorum,
415 298 487 335 &c.
515 306 558 335 ut
585 296 748 334 allevent
775 306 911 334 navem
936 295 984 337 ad
1012 295 1331 349 supernatandum
1360 299 1398 336 ὅ(
1424 297 1684 350 praestandum

74 353 253 402 obsequia
268 352 390 390 undis.

129 419 193 460 35.
225 409 416 445 Porsssr
438 406 519 444 fieri
535 417 601 457 per
624 416 775 444 motum
800 405 909 445 istum
923 415 1129 444 ventorum
1152 408 1193 444 in
1208 408 1300 446 velis
1321 409 1475 445 navium
1493 406 1533 455 (si
1555 420 1688 449 ventus

71 463 185 502 fuerit
195 463 323 500 alacris
335 464 372 499 ὅ(
395 461 590 509 secundus)
606 462 816 512 progressus
824 459 864 497 in
880 462 1016 498 itinere
1033 472 1109 499 120
1120 461 1342 500 milliarium
1356 464 1576 501 Italicorum
1588 465 1687 503 intra

71 519 230 571 spatium
248 528 302 567 24
323 517 524 558 horarum5
552 516 667 566 idque
686 518 727 553 in
751 518 836 555 navi
859 518 1108 558 mercatoria3
1136 516 1222 555 sunt
1244 519 1351 555 enirn
1365 529 1477 556 naves
1501 519 1684 567 quaedam

70 575 243 619 nunciae,
274 584 367 621 quae
382 573 427 608 ad
444 568 613 608 officium
632 572 831 609 celeritatis
855 568 1018 622 apposite
1033 573 1219 610 extructae
1234 571 1332 620 sunt,
1363 572 1468 621 (quas
1483 575 1686 612 caruvellas

67 630 218 675 vocant)
249 639 342 675 quae
371 628 485 663 etiam
515 626 659 670 majora
689 625 802 678 spatia
829 628 980 664 vincere
1006 627 1169 678 possunt.
1236 627 1293 664 At
1322 639 1409 664 cum
1437 629 1542 666 venti
1569 629 1682 681 plane

71 684 252 722 contrarii
268 680 349 727 sint,
379 681 553 718 remedio
573 681 619 718 ad
637 682 710 718 iter
724 680 1034 732 promovendum
1057 692 1216 721 utuntur
1230 683 1305 720 hoc
1320 683 1461 719 ultimo
1476 685 1513 720 ὅ(
1527 681 1682 734 pusillo:

68 749 111 777 ut
134 737 339 787 procedant
363 737 563 773 lateraliter
586 746 702 787 prout
728 747 862 775 ventus
890 737 1078 788 permittit
1101 748 1202 775 extra
1225 739 1325 776 viam
1349 739 1509 784 itineris,
1547 738 1686 777 deinde

68 794 217 832 flectant
233 791 268 829 se
282 791 405 830 versus
421 793 503 838 iter,
519 800 630 840 atque
644 792 837 840 angulares
853 792 938 830 istos
952 794 1163 841 progressus
1178 803 1371 845 repetant3
1392 805 1436 830 ex
1452 805 1531 842 quo
1545 805 1685 842 genere

69 847 276 901 progrefl'us
306 846 425 895 (quod
459 844 511 884 est
539 847 665 883 minus
698 858 812 894 quam
842 847 962 896 ipsum
991 845 1147 896 serpere,
1190 860 1279 885 nam
1307 847 1493 898 serpentes
1524 846 1686 896 sinuant,

68 915 106 942 at
134 904 190 940 illi
219 902 377 951 angulos
405 901 562 951 faciunt)
593 903 762 950 poterint
789 903 939 940 fortasse
977 903 1076 940 intra
1107 913 1162 952 24
1188 903 1300 941 horas
1327 904 1480 942 vincere
1506 905 1683 942 milliaria

72 957 303 1009 quindecim.

453 1117 970 1228 Obftrvationes
1007 1117 1318 1222 majores.

75 1301 110 1327 1.
270 1286 437 1326 OTUS
457 1285 520 1323 iste
543 1296 747 1324 ventorum
767 1287 807 1324 in
830 1287 921 1324 velis
935 1287 1089 1324 navium
1110 1285 1222 1324 habet
1246 1282 1481 1335 impulsionis
1503 1283 1587 1324 suae
1606 1287 1680 1324 tria

287 1344 481 1392 praecipua
503 1343 620 1394 capita
645 1344 681 1378 ὅ(
700 1341 837 1388 fontes,
868 1342 969 1379 unde
992 1341 1096 1382 fluit;
1124 1341 1226 1379 unde
1242 1342 1358 1378 etiam
1372 1350 1567 1390 praecepta
1582 1340 1679 1380 sumi

69 1396 212 1453 possint
226 1399 272 1436 ad
287 1409 373 1435 eum
389 1396 602 1446 augendum
618 1399 656 1435 ὅ(
669 1396 965 1434 fortificandum.

130 1466 164 1492 2.
195 1455 386 1492 PR1MUs
409 1452 496 1489 fons
511 1452 560 1489 est
583 1464 625 1489 ex
641 1462 787 1501 quanto
806 1454 921 1498 venti,
951 1453 1016 1501 qui
1033 1453 1227 1502 excipitur.
1284 1451 1388 1490 Nam
1412 1451 1559 1488 nemini
1574 1451 1679 1489 dubi-

72 1521 140 1548 um
155 1510 224 1547 ess'e
238 1504 364 1559 possit,
385 1509 478 1556 quin
493 1508 575 1556 plus
587 1509 692 1545 venti
708 1509 826 1556 magis
841 1507 1011 1545 conferat
1025 1519 1140 1557 quam
1154 1508 1293 1544 minus.
1350 1507 1480 1554 Itaque
1494 1517 1681 1554 quantum

70 1564 193 1615 ipsum
216 1565 320 1602 venti
342 1562 622 1613 procurandum
643 1563 866 1612 diligenter:
905 1563 944 1599 id
971 1562 1047 1610 fiet,
1084 1560 1110 1599 si
1132 1561 1240 1599 instar
1260 1561 1572 1611 patrumfamilias
1594 1574 1679 1613 pru-

70 1621 303 1665 dentiorum,
324 1621 360 1656 δ(
375 1618 474 1667 frugi
489 1615 611 1664 fimus,
627 1620 664 1655 ὅ(
679 1629 697 1654 a
712 1617 816 1655 furto
829 1629 1031 1655 caveamus.
1088 1618 1225 1669 Quare,
1243 1627 1430 1665 quantum
1444 1615 1525 1653 fieri
1540 1614 1674 1665 potest,

72 1677 130 1713 nil
144 1676 246 1713 venti
260 1672 491 1723 disperdatur
506 1683 568 1710 aut
588 1671 814 1719 effundatur,
844 1674 899 1709 nil
914 1674 1029 1710 etiarn
1044 1672 1270 1721 surripiatur.

127 1741 163 1781 3.
192 1731 394 1769 VENTUS
417 1739 479 1765 aut
500 1727 605 1778 supra
625 1729 738 1765 latera
758 1729 910 1766 navium
940 1727 1014 1774 flat,
1053 1736 1115 1764 aut
1144 1726 1243 1764 infra
1265 1725 1381 1774 usque
1395 1726 1441 1763 ad
1455 1737 1580 1762 aream
1603 1737 1678 1763 ma-

73 1787 135 1823 ris.
189 1784 320 1834 Atque
343 1794 384 1821 ut
404 1783 579 1820 homines
602 1783 764 1832 providi,
794 1782 917 1820 solent
935 1785 1049 1820 etiam
1068 1784 1165 1819 circa
1187 1782 1348 1818 minima
1371 1792 1539 1829 quaeque
1561 1782 1679 1830 magis

73 1853 213 1886 curare,
245 1840 345 1889 (quia
368 1839 510 1882 majora
526 1850 642 1875 nemo
665 1850 747 1875 non
769 1850 896 1875 curare
919 1838 1063 1887 potest,)
1094 1838 1145 1874 ita
1163 1836 1210 1873 de
1233 1836 1306 1873 istis
1325 1836 1568 1873 inferioribus
1590 1848 1678 1874 ven-

73 1897 121 1934 tis
153 1895 231 1944 (qui
260 1894 513 1945 proculdubio
540 1905 622 1930 non
649 1903 799 1931 tantum
826 1892 974 1943 poss'unt
1004 1903 1190 1942 quantum
1219 1891 1440 1941 superiores)
1472 1891 1599 1940 primo
1627 1892 1678 1930 vi-

74 1951 254 1989 dendum.
710 1948 714 1951 '
1598 1954 1603 1957 “

126 2016 166 2055 4.,
196 2006 233 2041 A
243 2017 269 2042 D
283 2014 427 2050 ventos,
448 2004 512 2051 qui
528 2004 670 2040 circum
685 2003 799 2041 latera
814 2004 966 2040 navium
983 2005 1018 2039 &
1031 2000 1154 2039 subter
1168 2002 1249 2039 vela
1264 2000 1425 2051 ipsarum
1439 1996 1681 2052 potissimum

73 2061 178 2108 flant,
206 2062 314 2110 plane
336 2060 384 2096 cst
398 2055 570 2110 officium
582 2060 656 2096 veli
672 2059 716 2096 ab
732 2059 829 2096 infra
842 2059 932 2095 mali
949 2058 1066 2104 rostri,
1095 2069 1190 2106 quae
1210 2058 1389 2093 inclinata
1404 2056 1452 2093 est
1467 2058 1503 2093 &
1518 2056 1679 2105 depressa

74 2126 116 2154 ut
131 2117 373 2165 excipiantur,
401 2126 449 2151 ne
471 2113 533 2150 fiat
548 2112 786 2163 dispendium
810 2116 847 2151 δ(
862 2114 997 2159 jaeiura
1020 2114 1135 2149 venti.
1192 2112 1308 2160 quue
1332 2114 1368 2148 &
1382 2123 1448 2160 per
1471 2110 1506 2147 se
1520 2111 1679 2162 prodest,

77 2174 115 2209 &
128 2173 260 2215 ventis,
290 2172 354 2218 qni
378 2169 529 2217 reliquis
545 2170 634 2205 velis
657 2169 878 2215 ministrant,
908 2169 962 2205 nil
987 2168 1108 2205 obest:
1140 2167 1254 2205 Circa
1268 2167 1343 2203 hoc
1364 2178 1445 2202 non
1461 2166 1573 2203 video
1588 2166 1680 2212 quid

75 2227 230 2264 ulterius
249 2237 314 2274 per
328 2225 566 2273 diligentiam
580 2223 784 2262 humanam
797 2224 878 2261 fieri
892 2219 1019 2275 possit,
1049 2220 1117 2259 nisi
1131 2222 1231 2259 forte
1246 2223 1360 2258 etiam
1375 2232 1417 2256 ex
1432 2219 1563 2255 medio
1577 2221 1681 2257 navis

75 2279 208 2318 fimilia
230 2282 310 2318 vela
332 2279 489 2317 humilia
513 2278 770 2324 adhibeantur,
808 2278 917 2315 instar
939 2279 1142 2327 pinnarum
1167 2286 1230 2313 aut
1258 2276 1414 2322 alarum,
1450 2285 1494 2310 ex
1516 2284 1680 2322 utroque

79 2336 194 2374 latere
207 2336 371 2385 gemina,
401 2346 488 2371 cum
502 2343 635 2370 ventus
651 2333 699 2370 est
713 2333 843 2370 rectus.

134 2402 169 2440 5.
199 2391 271 2427 Ar
294 2389 398 2438 quod
413 2390 457 2426 ad
482 2388 693 2425 cavendum
708 2388 755 2425 de
773 2388 878 2425 furto
892 2387 1038 2432 attinet,
1068 2384 1173 2433 quod
1191 2384 1245 2431 fit,
1274 2395 1362 2421 cum
1380 2384 1462 2422 vela
1475 2382 1681 2434 posteriora

76 2456 234 2484 ventum
247 2446 293 2482 ab
308 2444 556 2482 anterioribus
569 2442 779 2495 surripiant,
799 2445 840 2479 in
853 2452 970 2480 vento
984 2441 1105 2481 Γαῖος
1126 2439 1229 2486 (nam
1244 2440 1284 2476 in
1298 2439 1441 2476 laterali
1454 2439 1584 2487 omnia
1599 2439 1682 2476 vela

77 2512 328 2553 cooperantur
339 2502 363 2547 5)
388 2511 469 2537 non
483 2498 595 2537 video
611 2498 702 2547 quid
716 2498 802 2536 addi
817 2493 930 2550 possit
945 2496 1160 2546 diligentiae
1174 2495 1379 2535 humanaes
1407 2491 1476 2530 nisi
1489 2493 1602 2534 forte,
1626 2503 1682 2540 ut,

76 2555 191 2593 flante
214 2566 331 2593 vento
357 2555 470 2600 resto,
505 2553 569 2591 fiat
593 2552 685 2591 scala
707 2554 889 2602 quaedam
912 2552 1097 2598 velorum,
1135 2560 1177 2588 ut
1202 2549 1406 2601 posteriora
1428 2549 1510 2586 vela
1531 2559 1550 2586 a
1579 2549 1684 2585 malo

75 2613 211 2663 puppis
233 2609 303 2647 sint
326 2610 551 2653 humillima,
580 2609 704 2646 media
727 2621 747 2646 a
761 2610 865 2645 malo
885 2604 1062 2659 principis
1083 2605 1304 2652 mediocria,
1333 2604 1522 2642 anteriora
1543 2614 1564 2640 a
1578 2604 1683 2640 malo

77 2677 211 2717 prorae
226 2661 439 2704 celliffima3
460 2675 500 2701 nt
515 2666 678 2701 alterum
691 2665 818 2702 velum
833 2664 991 2700 alterum
1006 2673 1088 2698 non
1104 2660 1296 2712 impediat,
1317 2658 1379 2696 sed
1394 2660 1520 2710 potius
1534 2658 1682 2703 adjuvet

78 2723 115 2759 ὅ(
129 2732 285 2759 ventum
301 2720 420 2757 tradat
437 2721 471 2756 ὃ(
488 2717 725 2756 transmittat.
786 2718 915 2766 Atque
929 2717 975 2754 de
994 2718 1121 2768 primo
1136 2715 1245 2753 fonte
1259 2712 1493 2765 impulsionis
1507 2713 1598 2750 haec
1616 2711 1682 2749 ob-

79 2775 217 2814 servata
232 2774 312 2812 sint.

131 2832 171 2868 6.
202 2832 256 2868 SE
266 2841 458 2868 cUNDus
473 2828 559 2866 fons
574 2826 807 2878 impulsionis
821 2827 869 2864 est
885 2839 927 2865 ex
941 2827 1063 2864 modo
1078 2821 1322 2876 percuffionis
1336 2825 1409 2863 veli
1425 2835 1490 2875 per
1505 2831 1661 2859 ventum
1672 2834 1685 2861 ὁ

82 2897 186 2934 quae,
217 2883 243 2922 fi
265 2895 417 2937 propter
442 2895 597 2922 ventum
621 2884 858 2921 contractum
879 2881 922 2920 sit
945 2891 1052 2921 acuta
1074 2884 1111 2920 ὃς
1133 2881 1272 2933 rapida,
1299 2879 1470 2917 movebit
1493 2876 1633 2926 magis;
1660 2873 1686 2912 si

83 2940 212 2978 obtusa
227 2943 264 2977 ὃ(
279 2941 465 2989 languida,
493 2941 633 2976 minus.

136 3005 172 3041 7.
200 2997 338 3047 Quor)
349 2995 394 3032 ad
408 2994 482 3032 hoc
491 2996 638 3041 attinet,
653 2994 860 3045 plurimum
875 2992 1022 3031 interest
1035 3003 1076 3030 ut
1090 2992 1171 3030 vela
1179 2991 1413 3028 mediocrem
1429 2983 1685 3024 extensionem

84 3051 121 3086 &
135 3059 326 3087 tumorem
351 3051 552 3101 recipiant:
584 3060 673 3085 nam
695 3045 722 3085 si
737 3047 983 3086 extendantur
1007 3048 1139 3099 rigide,
1168 3046 1277 3084 instar
1292 3043 1441 3097 parietis
1460 3052 1617 3079 ventum
1634 3050 1686 3075 re-

80 3105 318 3158 percutiunt3
347 3103 372 3141 fi
387 3106 477 3151 laxe,
505 3104 638 3143 debilis
653 3102 696 3142 fit
711 3099 896 3155 impulsio.
1485 3095 1519 3134 8.
1540 3095 1572 3131 C
1581 3103 1678 3132 IRCA

1758 219 1820 269 55
