1973 3570
175 215 239 260 42

590 178 1026 237 HISTORIA
1096 182 1630 230 VENTORU-M„

311 295 487 342 Volvitur,
518 296 554 332 ὅ(
577 296 753 331 ulteriora
782 293 864 328 loca
891 298 1058 338 occupat.
1115 289 1232 332 Hujus
1259 298 1386 323 tamen
1413 288 1466 321 rei
1501 286 1581 322 duo
1606 284 1689 322 sunt
1718 284 1906 336 assumpta„

311 353 464 397 Unum,
493 349 595 397 quod
619 359 723 397 gutta
750 358 864 394 aquae
887 346 927 381 in
943 346 1065 380 aerem
1088 341 1395 390 vers.1(quicquid
1418 341 1464 376 de
1491 341 1635 376 decima
1657 342 1907 389 proportione

313 408 590 444 elementorum
618 401 842 448 fabulentur)
888 399 1065 446 centuplo
1094 398 1139 433 ad
1178 399 1302 432 minus
1338 397 1419 444 plus
1458 394 1559 444 spatii
1594 393 1770 432 desiderat
1793 407 1906 443 quam

312 463 433 511 prius3
471 460 641 504 alterum,
669 456 772 505 quod
796 465 925 504 parum
948 454 1038 489 aeris
1061 453 1151 488 novi
1175 454 1211 488 ὅ(
1233 452 1343 497 moti,
1381 449 1656 497 superadditum
1679 451 1751 486 a'e‘ri
1775 451 1906 500 veteri,

310 526 439 557 totum
453 514 621 550 concutit
645 515 680 548 δε
698 513 736 547 in
760 519 870 546 motu
884 508 1016 556 ponit:
1047 517 1087 543 ut
1102 506 1225 543 videre
1248 505 1295 541 cst
1311 518 1352 541 ex
1377 502 1508 553 pusillo
1523 514 1650 550 vento,
1680 506 1802 552 quiex
1829 505 1901 542 fol-

309 571 406 608 libus
427 578 487 605 aut
503 570 596 604 rima
611 565 785 603 fenestrae
801 560 915 608 efflat,
945 563 1009 610 qui
1024 572 1150 598 tamen
1174 571 1299 597 totum
1315 561 1437 596 afirem
1454 560 1493 595 in
1519 559 1694 596 eubiculo
1722 559 1763 595 in
1791 571 1904 598 motu

310 636 451 675 ponere
467 618 579 672 posslt
594 635 604 662 5
633 632 672 658 ut
689 632 729 656 ex
749 618 1157 655 fiammislucernarum
1174 615 1280 652 facile
1295 624 1454 663 apparet.
1790 605 1794 610 ’
1887 647 1890 649 Α

367 689 429 728 24.
460 680 861 729 QUEMADMODUM
885 684 986 708 rores
1010 673 1046 707 δε
1072 671 1229 707 nebulae
1254 669 1314 705 hie
1341 671 1378 705 in
1404 671 1485 705 aei-e
1506 667 1641 705 infimo
1665 679 1903 718 generantur,

310 744 505 781 nunquam
521 732 633 768 factae
648 729 764 766 nubes
780 740 849 765 nec
864 728 909 763 ad
924 726 1089 763 mediam
1105 726 1300 773 regionem
1316 734 1569 773 penetrantcs5
1587 724 1722 760 eodem
1733 723 1853 761 modo
1868 727 1906 761 &

309 789 522 836 complures
537 786 650 823 venti.

367 853 428 889 25.
458 840 604 876 AURA
631 839 809 876 continua
832 836 941 884 spirat
966 836 1060 870 eirca
1087 835 1202 869 maria
1218 835 1253 870 δε
1275 845 1396 881 aquas,
1427 844 1518 881 quae
1539 832 1586 869 est
1602 844 1732 871 ventus
1758 832 1907 883 pusillus

309 898 457 933 noviter
472 895 595 931 faetus.

365 951 426 986 26.
457 951 507 985 In
519 960 569 993 Is,
599 958 691 994 quae
707 945 755 982 est
770 957 813 981 ex
828 944 1007 980 meteoris
1023 941 1120 990 quasi
1136 943 1360 988 humillima,
1390 944 1425 978 ὃς
1440 952 1635 991 generatur
1651 943 1691 978 in
1706 945 1905 992 proximos

307 1003 459 1050 quando
481 1015 561 1038 non
577 1000 802 1050 conspicitur
825 1000 981 1047 integra,
1011 997 1071 1034 sed
1095 1007 1246 1043 curtata,
1277 1000 1313 1033 ὃς
1336 995 1434 1045 qnasi
1457 997 1566 1034 frusta
1589 997 1664 1042 ejus
1690 1007 1839 1035 tantum
1864 1000 1905 1036 in

308 1058 497 1103 cornibus,
527 1056 682 1093 solvitur
698 1057 738 1091 in
753 1064 897 1099 vent05‚
926 1064 1041 1100 aeque
1059 1064 1100 1088 ae
1115 1053 1153 1088 in
1169 1053 1331 1100 pluvi-am
1349 1054 1384 1088 ἅ
1399 1053 1528 1100 magis.
1874 1072 1883 1089 ,-

362 1123 424 1160 25.
455 1113 494 1149 N
503 1121 698 1147 OTATUM
728 1109 787 1155 est,
824 1108 892 1144 ess'e
921 1106 1100 1156 quosdam
1123 1118 1256 1144 ventos
1280 1109 1318 1144 in
1345 1108 1572 1155 regionibus,
1610 1119 1703 1155 quae
1726 1107 1905 1148 distermi-

305 1176 443 1203 nantur
461 1168 496 1203 &
520 1165 730 1214 separantur
746 1175 810 1213 per
834 1173 984 1199 montes
1005 1162 1274 1202 intermedios3
1305 1163 1368 1209 qui
1393 1174 1434 1197 ex
1451 1162 1565 1197 altera
1591 1173 1692 1210 parte
1709 1167 1903 1204 montium

306 1221 444 1270 spirant
470 1221 680 1265 familiares,
721 1219 764 1255 ad
788 1219 941 1254 alteram
966 1229 1045 1253 non
1075 1218 1308 1266 perveniunt.
1367 1217 1419 1252 Ex
1444 1228 1520 1264 quo
1550 1216 1799 1266 manifestum,
1839 1233 1903 1258 eos

308 1277 477 1325 generari
493 1274 588 1311 infra
603 1274 839 1311 altitudinem
856 1271 1021 1321 ipsorum
1038 1273 1241 1308 montium.

364 1341 383 1366 2
394 1329 427 1367 8.
458 1332 602 1366 INFlN
614 1340 627 1366 1
638 1341 661 1365 T
675 1340 689 1365 1
704 1330 787 1365 sunt
803 1329 905 1365 venti
916 1329 979 1375 qui
994 1326 1129 1376 spirant
1141 1326 1270 1363 diebus
1281 1326 1426 1371 screnis,
1442 1336 1552 1373 atque
1564 1327 1677 1362 etiam
1689 1327 1728 1364 in
1739 1330 1902 1378 regioni-

306 1385 374 1422 bus
397 1385 461 1422 ubi
476 1396 670 1432 nunquam
693 1384 810 1432 pluit:
840 1384 903 1430 qui
927 1391 1153 1431 generantur
1168 1382 1231 1418 ubi
1255 1380 1358 1428 flant,
1387 1393 1458 1418 nee
1473 1392 1639 1429 unquam
1655 1393 1759 1420 erant
1774 1386 1890 1423 nubes

307 1440 420 1477 autin
436 1440 600 1476 mediam
615 1440 811 1487 regionem
826 1436 1079 1474 ascenderunt.

1891 1417 1905 1434 7

874 1526 1148 1568 Phaenomena
1168 1525 1330 1581 obliqua.

353 1609 658 1659 QUICUNQUE
673 1608 776 1644 norit
792 1617 904 1654 quam
920 1604 1028 1642 facile
1048 1616 1163 1653 vapor
1184 1602 1345 1640 solvatur
1360 1605 1400 1640 in
1416 1607 1552 1651 aei-em,
1582 1607 1618 1642 ὃς
1635 1617 1748 1654 quam
1764 1607 1897 1658 ingens

299 1659 341 1699 fit
364 1663 472 1710 copia
494 1673 687 1711 vaporum,
717 1664 753 1698 ὅ(
768 1669 950 1709 quantum
978 1659 1136 1708 spatium
1160 1668 1316 1707 occupet
1332 1669 1436 1707 gutta
1459 1671 1572 1707 aquae
1587 1661 1688 1698 versa
1712 1663 1754 1699 in
1772 1665 1898 1703 a'e'rem

297 1727 384 1765 prae
399 1728 447 1752 eo
461 1717 564 1763 quod
580 1726 687 1753 antea
702 1715 917 1764 occupabat,
950 1714 1003 1761 (ut
1019 1714 1159 1750 dietum
1176 1713 1250 1761 est‚)
1282 1716 1318 1750 ὃ(
1334 1726 1446 1761 quam
1462 1715 1658 1752 modicum
1673 1714 1846 1755 sustineat
1861 1720 1898 1758 se

297 1772 500 1819 comprimi
522 1773 594 1817 aer,
623 1783 703 1808 non
719 1769 902 1808 dubitabit
926 1770 1019 1817 quin
1034 1768 1175 1806 necess'e
1189 1765 1243 1814 fit,
1273 1764 1385 1805 etiam
1401 1781 1421 1805 a
1436 1768 1626 1818 superficie
1649 1781 1768 1809 terrae
1783 1773 1899 1822 usque

298 1825 344 1862 ad
359 1824 532 1862 sublimia
547 1827 650 1872 aei-is,
671 1826 811 1874 ubique
825 1825 993 1874 generari
1008 1834 1162 1861 ventos:
1183 1824 1319 1871 Neque
1335 1824 1439 1862 enim
1452 1824 1531 1860 fieri
1547 1826 1675 1874 potest,
1705 1836 1746 1864 ut
1762 1839 1898 1878 magna

296 1881 403 1929 copia
418 1892 610 1929 vaporum,
627 1893 713 1918 cum
729 1881 922 1929 coeperint
938 1879 1105 1928 expandi,
1122 1878 1166 1915 ad
1179 1878 1343 1915 mediam
1359 1880 1451 1916 aeris
1463 1881 1660 1929 regionem
1676 1883 1897 1923 attollantur

297 1934 431 1983 absque
446 1934 776 1985 superoneratione
797 1936 889 1973 aeris
903 1936 940 1971 ὅ(
954 1935 1122 1971 tumultu
1136 1935 1177 1970 in
1191 1934 1259 1971 via.

349 2151 850 2229 Accidentales
903 2149 1391 2228 Generatiomes
1444 2154 1830 2232 Veffztorum.

793 2343 873 2391 Ad
921 2348 1262 2392 ARTICULUM
1304 2344 1385 2390 IX.

844 2492 1331 2531 CONNEXIO.

419 2565 454 2604 C
467 2565 500 2605 C
512 2567 572 2605 ID
583 2568 611 2606 E
624 2568 663 2606 N
673 2569 708 2605 T
719 2566 756 2605 A
768 2567 837 2606 LE
851 2570 874 2606 S
897 2572 1157 2619 generationes
1181 2581 1386 2610 ventorum
1411 2582 1468 2609 eas
1489 2584 1668 2612 vocamus
1691 2586 1786 2625 quae
1805 2567 1888 2618 tion

383 2673 394 2679 ³
444 2619 610 2659 efficiunt
636 2633 697 2660 aut
716 2624 878 2672 gignunt
906 2636 1056 2663 motum
1075 2623 1310 2677 impulfivum
1338 2637 1556 2674 ventorum,
1586 2628 1647 2666 sed
1669 2642 1757 2668 eum
1783 2638 1887 2670 com-⁴

287 2674 476 2736 pressione
491 2687 639 2736 acuunt,
662 2674 937 2727 repercussionc
951 2691 1121 2722 verrunt3
1141 2679 1349 2723 finuatione
1365 2683 1505 2731 agitant
1521 2685 1557 2720 ὅς
1572 2683 1751 2728 Volvunt5
1780 2688 1886 2736 quod

287 2733 330 2768 iit
349 2742 416 2781 per
431 2734 554 2768 caulas
568 2732 786 2769 extrinsecas
801 2735 837 2770 ὅ(
856 2731 1057 2783 posituram
1072 2748 1277 2787 corporum
1297 2737 1571 2782 adjunctorum.
1816 2745 1825 2751 ’“

344 2797 377 2822 1.
407 2787 460 2847 lN
484 2787 577 2823 locis
592 2787 655 2824 ubi
669 2786 753 2824 sunt
773 2789 888 2825 eolles
911 2790 1036 2827 minus
1051 2792 1194 2838 elevati,
1223 2793 1260 2828 &
1275 2791 1369 2829 cirea
1392 2791 1461 2828 hos
1483 2791 1670 2831 subsidunt
1689 2796 1813 2844 valles,
1845 2795 1883 2836 δὲ

286 2840 383 2876 ultra
406 2840 503 2903 ipsos·
517 2840 639 2879 rursus
662 2843 776 2879 colles
791 2844 952 2890 altiores,
982 2846 1102 2891 major
1127 2846 1175 2884 cst
1190 2847 1346 2896 agitatio
1370 2848 1462 2884 aeris
1477 2849 1513 2885 ὃς
1532 2847 1656 2886 sensus
1679 2840 1883 2890 ventorum

287 2905 400 2942 quam
415 2906 476 2933 aut
492 2907 532 2932 m
547 2897 739 2933 montanis
754 2908 814 2934 aut
830 2899 870 2935 in
884 2899 1013 2948 planis.
1402 2944 1405 2947 ¹
1872 2896 1875 2900 ’

342 2959 377 3010 2..
406 2950 459 2986 IN
482 2950 646 2999 urbibus,
675 2948 700 2988 si
721 2948 763 2988 fit
786 2953 916 3001 aliquis
943 2953 1048 2991 locus
1069 2956 1182 3006 paulo
1207 2956 1321 3005 latior
1345 2958 1382 2994 ὃς
1408 2958 1530 3007 exitus
1551 2959 1788 3008 angustioreS,
1821 2970 1886 3000 aut

286 3013 504 3054 angiportus
518 3007 555 3044 ὅ(
571 3007 714 3058 plateae
733 3005 949 3060 seinvicem
962 3007 1137 3060 secantes,
1165 3012 1421 3066 percipiuntur
1437 3012 1489 3051 ibi
1503 3012 1610 3053 flatus
1626 3016 1662 3052 δε
1681 3016 1799 3053 aurae.
