1973 3570
147 243 244 288 144
380 218 856 270 HISTORIA
908 210 1198 262 V1TAE
1242 207 1350 259 ET
1403 212 1747 258 MORT1s.

271 320 395 377 ficpra
412 317 695 371 vestimentum)
720 330 762 355 ea
786 326 1043 367 proponamus
1072 313 1250 360 remedia,
1280 323 1376 361 quae
1396 308 1466 348 fint
1489 320 1570 348 tuta
1593 311 1737 360 saltem,
1764 312 1791 351 fi
1815 315 1892 353 fog-

282 388 324 417 te
341 389 424 416 non
440 376 583 414 fuerint
607 372 805 412 fruetuosa.

335 434 562 485 Quian-ro,
590 429 682 466 illud
699 428 874 465 homines
899 427 981 471 rite,
1010 425 1047 461 ὅ(
1062 423 1359 460 animadvertere
1379 423 1417 458 δε
1439 421 1664 470 distinguere
1686 424 1861 462 volumus
1880 440 1893 467 ς

286 496 369 527 non
383 486 514 525 eadem
530 485 686 536 semper,
715 494 809 531 quae
824 481 869 518 ad
883 482 1002 519 vitam
1017 477 1154 524 sanam,
1182 477 1227 514 ad
1242 478 1358 515 vitam
1381 477 1537 525 longam
1553 476 1739 514 conferre.
1797 479 1893 518 Sunt

286 545 394 582 enim
406 540 605 587 nonnulla,
632 550 727 587 quae
742 538 786 574 ad
802 535 997 586 spirituum
1008 533 1250 579 alacritatem,
1277 533 1315 568 ἃ
1329 531 1571 568 funetionum
1584 532 1712 579 robur,
1741 535 1778 570 δε
1791 534 1895 584 vigo-

287 609 372 636 rem
399 595 569 648 prosunt,
597 605 692 643 quae
720 603 848 629 tamen
876 591 923 627 de
952 589 1095 627 summa
1115 589 1216 625 vitae
1234 586 1446 624 detrahunt.
1504 587 1600 624 Sunt
1628 588 1665 623 ὃς
1685 589 1768 634 alia,
1800 602 1896 638 quae

287 653 335 690 ad
359 649 694 702 prolongationem
714 649 810 685 vitae
827 647 1036 695 plurimum
1054 644 1195 690 juvant,
1223 641 1286 679 sed
1313 651 1442 678 tamen
1462 653 1545 678 non
1569 640 1654 678 sunt
1674 641 1810 691 absque
1835 657 1896 695 pe-

288 706 411 744 riculo
425 705 648 744 valetudinis
662 720 676 745 ‚-
705 699 773 738 nisi
796 713 861 753 per
880 698 1169 737 accommodata
1183 696 1367 746 quaedam
1386 695 1474 734 huic
1493 697 1545 733 rei
1572 706 1788 735 occurratur
1804 718 1819 742 ,-
1848 700 1897 737 de

290 762 426 812 quibus
449 770 590 806 tamen,
619 757 750 810 (prout
770 768 827 792 res
851 753 1022 804 postulat)
1047 753 1239 790 cautiones
1263 752 1301 789 ὅ(
1323 752 1472 788 monita
1494 751 1667 789 exhibere
1692 764 1774 790 non
1795 766 1897 804 prae-

291 817 559 855 termittemus.

346 872 622 914 POSTREMO,
650 864 769 904 visum
797 864 846 901 est
879 864 990 901 nobis
1017 862 1117 900 varia
1150 860 1327 908 remedia,
1356 860 1560 899 seeundum
1591 859 1749 909 singulas
1775 865 1898 902 inten-

291 927 429 971 tiones,
458 932 704 975 proponere3
734 918 920 956 delectum
931 929 1025 955 vero
1036 916 1306 962 remediorum,
1335 926 1445 963 atque
1458 916 1635 952 ordinem
1650 916 1829 965 ipsorum,
1857 921 1900 956 in

291 978 421 1017 medio
450 978 675 1025 relinquere.
730 975 884 1011 Etenim
908 986 950 1010 ex
966 969 1059 1022 ipfis,
1089 983 1184 1019 quae
1199 970 1529 1008 constitutionibus
1548 982 1755 1022 corporum
1781 972 1899 1012 diver-

292 1033 348 1080 fis,
378 1044 472 1082 quae
496 1031 696 1082 generibus
717 1029 814 1067 vitae
828 1029 950 1074 variis,
979 1038 1074 1075 quae
1090 1026 1270 1063 aetatibus
1287 1023 1450 1075 singulis,
1479 1027 1642 1062 maxime
1658 1030 1900 1077 conveniant,

293 1100 465 1138 quaeque
484 1088 554 1124 alia
572 1085 652 1135 post
672 1085 742 1122 alia
765 1083 943 1121 sumenda
966 1080 1049 1122 sint,
1079 1083 1116 1118 ὅ(
1140 1081 1342 1129 quomodo
1361 1079 1479 1132 praxis
1503 1080 1672 1118 universa
1693 1080 1825 1120 harum
1847 1096 1902 1121 re-

295 1155 382 1181 rum
416 1141 458 1180 fit
486 1140 697 1179 instruenda
726 1141 763 1176 ὅ(
786 1138 960 1188 regenda,
988 1136 1110 1173 exaite
1137 1133 1364 1185 perscribere
1392 1137 1429 1172 δε
1457 1136 1571 1172 nimis
1598 1137 1761 1185 longum
1789 1137 1903 1188 foret,

296 1209 422 1246 neque
442 1196 626 1234 idoneum
641 1194 689 1232 est
709 1193 813 1242 quod
828 1193 1050 1245 publicetur.
1868 1199 1869 1202 ¹

349 1253 694 1289 INTENTIONES
724 1250 764 1285 in
789 1249 924 1297 topicis
944 1245 1209 1299 proposuimus
1230 1254 1317 1282 tres.
1372 1245 1680 1282 Prohibitionem
1704 1247 1901 1300 consump—

295 1308 413 1345 tionis
428 1323 442 1349 ‚·
471 1305 743 1356 perfectionem
767 1303 1011 1352 reparationis
1027 1320 1042 1344 ,-
1071 1303 1108 1338 δε
1123 1302 1416 1338 renovationem
1432 1302 1686 1338 veterationis.
1743 1304 1903 1350 Verum,

295 1373 386 1399 cum
400 1373 496 1412 quae
514 1359 700 1405 dicentur,
730 1358 827 1395 nihil
847 1359 974 1394 minus
1003 1354 1073 1394 fint
1098 1367 1210 1404 quam
1233 1356 1356 1403 verba,
1385 1357 1618 1392 intentiones
1643 1356 1725 1393 illas
1743 1367 1829 1406 tres,
1856 1359 1902 1397 ad

299 1416 432 1455 decem
458 1416 695 1467 operationes
716 1413 954 1450 deducemus.

358 1482 391 1508 1.
421 1471 589 1508 PRIMA
613 1467 662 1506 est
681 1469 852 1516 operatio
872 1466 979 1518 super
995 1465 1154 1518 spiritus,
1181 1474 1223 1502 ut
1244 1463 1481 1503 revirescant.

355 1537 391 1563 2.
423 1526 652 1562 SECUNDA
676 1523 848 1574 operatio
870 1521 919 1558 est
938 1520 1045 1570 super
1071 1517 1323 1557 exclusionem
1346 1521 1450 1557 abris.

354 1588 390 1630 3.
421 1580 618 1617 Tum.
645 1578 817 1627 operatio
839 1575 889 1613 est
908 1575 1014 1628 super
1029 1575 1250 1625 sanguinem
1269 1577 1307 1612 ὅ(
1321 1575 1490 1613 calorem
1503 1574 1822 1626 sanguifieantem.

351 1645 391 1684 4.
421 1635 636 1685 QUARTA
661 1633 834 1683 operatio
853 1630 902 1668 est
925 1630 1030 1682 super
1046 1629 1174 1668 succos
1189 1629 1369 1680 corporis.

357 1700 392 1739 5.
422 1690 623 1740 Quum-A
648 1688 821 1738 operatio
846 1686 896 1723 est
918 1685 1025 1735 super
1053 1684 1189 1724 viscera
1213 1685 1258 1722 ad
1281 1682 1531 1722 extrtlfionem
1549 1684 1731 1725 alimenti.

355 1745 393 1780 6.
426 1745 576 1782 SEXTA
613 1743 784 1792 operatio
822 1739 871 1778 cst
913 1739 1021 1794 super
1055 1750 1176 1791 partes
1217 1741 1419 1777 exteriores
1454 1741 1501 1778 ad
1542 1742 1804 1780 attraffionem
1842 1745 1907 1782 ali·

303 1808 438 1837 menti.

357 1863 393 1902 7.
425 1854 648 1891 SEPTIMA
689 1851 864 1904 operatio
898 1850 948 1887 est
980 1849 1088 1902 super
1116 1850 1342 1888 alimentum
1379 1849 1502 1900 ipsum
1537 1850 1584 1888 ad
1612 1849 1906 1892 insinuationem

303 1908 481 1954 ejusdem.

359 1963 396 2001 8.
427 1964 617 2001 OCTAVA
646 1962 819 2012 operatio
839 1959 888 1998 est
904 1959 1009 2012 super
1029 1959 1153 1997 aetum
1173 1961 1352 1998 ultimum
1366 1956 1651 1998 assimilationis.

360 2026 398 2064 9.
430 2019 577 2108 §oxu
601 2018 772 2068 operatio
794 2016 843 2053 est
868 2016 974 2066 super
1005 2016 1327 2053 intenerationem
1346 2018 1523 2067 partium,
1553 2016 1747 2066 postquam
1775 2029 1907 2068 coepe-

307 2073 384 2110 rint
403 2072 450 2110 de
467 2074 585 2109 lecari.

364 2138 425 2164 10.
456 2128 658 2165 DEC1MA
684 2126 856 2178 Operatio
875 2125 924 2163 est
946 2124 1053 2176 super
1076 2126 1385 2175 expurgationem
1404 2125 1502 2163 succi
1524 2127 1661 2165 veteris
1681 2127 1719 2164 δ(
1741 2126 1907 2167 substitu-

307 2183 458 2219 tionem
478 2181 574 2219 succi
594 2184 698 2220 novi.

360 2238 545 2274 HARUM
567 2238 836 2288 operationum
850 2236 993 2288 primae
1006 2245 1167 2284 quatuor
1183 2237 1373 2285 pertinent
1393 2235 1438 2274 ad
1454 2236 1710 2273 intentionem
1724 2238 1906 2286 primam3

306 2302 469 2340 quatuor
483 2293 676 2343 proximae
698 2291 745 2328 ad
770 2292 1028 2328 intentionem
1047 2290 1271 2332 secundam;
1298 2291 1392 2329 duae
1411 2292 1565 2329 ultimae
1585 2291 1632 2327 ad
1652 2290 1909 2332 intentionem

307 2356 471 2383 tertiam.
1717 2387 1718 2390 Ἰ
1881 2343 1888 2354 ’

366 2401 481 2436 CUM
509 2412 600 2437 vero
621 2400 711 2437 haec
740 2412 822 2450 pars
843 2400 891 2438 de
919 2400 1197 2438 intentionibus
1227 2399 1275 2437 ad
1303 2401 1433 2450 praxin
1461 2400 1616 2441 innuat3
1648 2399 1715 2438 sub
1737 2400 1910 2441 historiae

311 2455 483 2500 nominc,
512 2466 593 2491 non
613 2454 735 2491 solum
751 2457 1003 2505 experimenta
1017 2457 1055 2492 &
1069 2453 1357 2502 observationes,
1387 2453 1449 2492 sed
1463 2455 1578 2491 etiam
1597 2453 1761 2504 consilia,
1790 2466 1909 2496 reme-

311 2509 383 2600 (ἐξα,
412 2509 601 2548 causarum
625 2508 900 2562 explicationes,
930 2510 1108 2562 assumpta
1122 2511 1419 2560 &quaecunque
1433 2508 1506 2548 huc
1521 2509 1697 2560 spectant,
1724 2512 1908 2552 immisce-

340 2574 446 2600 imus.

1723 2837 1913 2891 Operatio
