1973 3570
161 231 922 284 DESCRIPTIOUL'OM
981 235 1573 289 lNTE-LLECTUAL.
1761 257 1893 302 321-.

67 339 208 379 scentes
230 338 458 376 existimatae
482 338 578 385 sunt,
608 348 720 390 atque
736 339 774 375 in
799 337 946 375 aethera
960 337 1134 387 solutae.>
1160 339 1318 387 *Verum
1342 341 1551 380 universam
1581 343 1685 382 istam
1725 379 1728 384 .

74 394 327 446 quaestionem
353 393 400 430 de
427 393 539 431 stellis
558 395 667 431 novis
694 394 740 431 ad
765 405 852 430 eum
873 395 1003 431 locum
1030 393 1226 441 rejicimus,
1256 395 1320 432 ubi
1345 395 1392 432 de
1408 399 1567 434 cometis
1589 399 1684 436 dice-

70 462 172 490 mus.)
227 448 396 500 Superest
409 449 573 500 quaestio
587 451 714 495 altera,
743 449 791 486 de
809 446 985 486 Galaxia
1006 447 1191 495 videlicet,
1221 461 1267 485 an
1286 448 1462 488 Galaxia
1476 449 1518 489 sit
1542 453 1684 502 glome-
1723 494 1727 499 .

70 508 168 544 ratio
186 504 372 542 ‘astrorum
399 505 666 550 minimorum,
695 514 758 540 aut
781 515 918 552 corpus
946 502 1223 550 continuatum,
1253 507 1290 541 ὃ(
1312 517 1395 556 pars
1410 506 1580 553 aetheris,
1609 520 1686 545 rne-

69 563 152 599 diae
177 569 331 597 naturae
356 560 455 595 inter
479 559 689 596 aetheream
715 560 752 595 ὃς
774 556 971 595 sideream?
1002 560 1104 597 Nam
1131 560 1267 608 opinio
1287 561 1351 597 illa
1371 561 1418 597 de
1442 562 1684 600 exhalationi-

70 616 138 654 bu's
152 614 295 661 jamdiu
309 613 502 660 exhalavit,
530 626 612 650 non
636 612 711 650 sine
732 623 823 650 nota
839 612 979 662 ingenii
998 610 1238 662 Aristotelis,
1268 616 1334 664 qui
1348 617 1423 653 tale
1442 615 1582 665 aliquid
1596 630 1686 656 con—

71 671 214 721 fingere
235 668 341 706 ausus
364 667 423 715 est,
453 670 507 705 rei
530 680 607 706 tam
629 668 811 705 constanti
836 670 871 705 &
895 669 987 706 fixae
1015 669 1253 718 imponendo
1282 680 1457 709 naturam
1483 670 1686 710 transitori-

71 727 188 763 am&-
202 725 359 761 variam.
415 724 521 775 Qun
538 726 575 761 ὅ(
595 723 681 760 finis
706 724 820 760 etiam
842 724 951 766 huius
970 723 1205 775 quaestionis,
1235 735 1349 774 prout
1375 739 1396 763 a
1419 726 1529 764 nobis
1544 739 1684 779 propo-

71 778 331 827 nitursadess'e
354 779 428 823 jam
444 779 603 825 videtur,
633 777 658 816 fi
679 777 718 815 iis
739 779 926 816 credimus
949 791 1044 827 quae
1061 777 1265 817 Galilaeus
1279 779 1444 829 tradidit,
1473 784 1538 834 qui
1554 783 1687 821 confu-

71 836 150 874 sam
164 835 279 876 {illam
303 832 394 871 lucis
419 833 580 882 speciem
609 833 648 871 in
678 834 767 871 astra
798 845 994 871 numerata
1023 837 1060 871 &
1086 835 1207 871 locata
1234 832 1398 885 digessit.
1435 833 1557 875 'Nam
1580 838 1686 887 quod

73 887 250 929 Galama
269 900 350 925 non
366 890 470 925 tollit
493 888 678 938 aspeetum
709 888 902 935 astrorum,
930 901 1026 937 quae
1040 891 1138 926 intra
1153 890 1271 939 ipsam
1304 889 1560 940 inveniuntur,
1589 894 1686 932 illud
1706 933 1709 936 ,

70 944 290 984 certesitem
318 955 400 981 non
429 944 587 992 dirimit,
616 957 687 981 nec
716 956 796 981 rem
813 946 970 981 inclinat
986 946 1026 981 in
1042 945 1256 982 alterutram
1273 948 1502 995 partem;.id
1522 958 1688 986 tantum-

71 1000 195 1038 m'odo
216 998 365 1036 fortasse
392 999 562 1048 abnegat,
604 1012 686 1037 non
716 998 893 1037 collocari
921 996 1137 1037 Galaxiam
1169 1000 1325 1038 inferius
1352 1003 1502 1040 aethere
1529 1002 1684 1046 stellato.

73 1056 284 1094 Hoc‘enim
300 1052 444 1100 fiforet,
472 1065 582 1105 atque
597 1053 743 1104 insuper
761 1066 897 1103 corpus
913 1055 1006 1091 illud
1027 1057 1294 1092 continuatum
1312 1055 1508 1095 Galaxiae
1522 1058 1686 1107 aliquam

74 1112 228 1149 habetet-
242 1109 556 1161 profunditatem,
586 1109 771 1158 aspestum
788 1108 958 1146 nostrum
985 1108 1239 1158 interceptum
1260 1112 1305 1147 iri
1325 1112 1621 1151 consentaneum
1638 1113 1688 1151 es-

73 1166 165 1204 sen>
177 1164 232 1203 †Si
248 1173 340 1201 ‘vero
367 1165 446 1213 pari
470 1165 680 1201 collocetur
695 1163 892 1201 altitudine
907 1175 994 1201 cum
1011 1163 1130 1211 stellis,
1161 1176 1254 1212 quae
1273 1176 1338 1214 per
1353 1178 1436 1203 eam
1452 1167 1686 1217 conspiciun-

45 1230 47 1233 “
72 1228 145 1267 tur,
161 1221 234 1257 ‘nil
245 1216 362 1256 obstat
377 1220 471 1267 quin
486 1218 608 1257 stellae
625 1217 742 1271 spargi
766 1215 908 1270 poiiint
936 1217 975 1255 in
1004 1217 1078 1269 ipsa
1113 1217 1300 1266 Galaxia,
1329 1233 1410 1258 non
1426 1221 1550 1260 minus
1570 1236 1685 1274 quam

74 1276 116 1314 irt
145 1274 291 1326 iic-liquo
313 1273 471 1310 aethere.
526 1275 653 1325 Itaque
669 1272 823 1310 &istam
847 1273 1100 1325 quaestionem
1115 1273 1324 1326 recipimus.
1380 1275 1510 1327 Atque
1533 1278 1600 1315 hae
1625 1277 1683 1316 sex

72 1329 302 1381 quaestiones
325 1329 518 1379 pertinent
533 1328 578 1365 ad
604 1328 841 1365 substantiam
865 1327 1099 1369 coelestiums
1128 1331 1246 1380 qualis
1275 1329 1411 1368 scilicet
1434 1329 1476 1368 sit
1493 1332 1687 1370 substantia

73 1384 170 1425 coeli
186 1383 228 1423 in
250 1394 398 1434 genere,
428 1385 466 1420 ὅ(
486 1382 603 1435 qualis
617 1382 772 1420 aetheris
786 1382 1043 1430 inter-stellaris,
1074 1386 1113 1421 ὅ(
1144 1383 1261 1435 qualis
1277 1383 1486 1434 Gammae,
1516 1389 1554 1424 δε
1569 1387 1686 1436 qualis

74 1442 256 1480 astrorum
285 1438 464 1490 ipsorum,
506 1437 578 1475 five
609 1439 852 1476 conferantur
881 1439 926 1475 ad
948 1438 1124 1486 invicem,
1167 1438 1239 1476 sive
1273 1440 1317 1477 ad
1346 1442 1477 1490 ignem
1505 1443 1687 1490 nostrum,

74 1496 153 1535 five
170 1495 375 1546 ad'cotpus
395 1495 602 1546 proprium.
658 1493 715 1531 At
741 1495 787 1530 de
809 1506 985 1540 numero,
1014 1494 1287 1543 magnitudine,
1316 1496 1432 1545 figura
1461 1499 1498 1534 ὅ(
1521 1497 1692 1535 distantia

76 1553 258 1591 astrorum
285 1559 428 1601 praeter
457 1548 719 1601 phaenomena
746 1547 820 1600 ipsa
848 1551 884 1586 ὃς
921 1548 1153 1598 quaestiones
1168 1548 1367 1597 historicas,
1395 1552 1442 1588 de
1465 1551 1598 1603 quibus
1618 1565 1684 1604 po-

77 1605 324 1650 stea'dicetur,
352 1604 587 1656 problemata
614 1603 869 1656 philosophica
896 1604 974 1641 fere
1000 1602 1176 1654 simplicia
1200 1605 1296 1642 sunt.
1353 1607 1412 1644 De
1435 1619 1600 1645 numero
1624 1607 1687 1646 sci-

76 1665 168 1702 lieet
196 1661 361 1712 sequitur
385 1658 549 1708 quaestio
571 1660 696 1706 altera,
725 1672 772 1696 an
802 1658 829 1696 is
849 1658 890 1696 sit
920 1672 1096 1697 numerus
1119 1659 1300 1698 astrorum
1328 1663 1393 1713 qui
1419 1662 1579 1709 videtur,
1609 1664 1688 1712 qui-

77 1724 151 1768 que
165 1716 369 1767 Hipparchi
390 1715 588 1764 diligentia
611 1725 763 1751 notatus
787 1717 823 1752 ὅ(
847 1714 1048 1764 descriptus
1074 1715 1135 1762 cst,
1164 1718 1201 1753 δε
1224 1718 1263 1752 in
1287 1717 1393 1765 globi
1419 1716 1584 1754 coelestis
1605 1729 1690 1757 mo-

76 1775 217 1811 dulum-
238 1770 454 1809 conclusus?
492 1772 596 1808 Nam
626 1772 663 1807 δε
687 1769 767 1806 satis
791 1771 924 1820 frigida
945 1771 993 1807 est
1013 1772 1109 1807 ratio
1138 1783 1179 1807 ea
1205 1783 1300 1819 quae
1323 1771 1491 1809 redditur
1515 1774 1689 1812 innume-

78 1840 141 1866 rae
170 1828 271 1866 illius
292 1823 540 1863 multitudinis
569 1825 755 1862 stellarum
785 1827 1021 1863 occultarum
1046 1828 1083 1863 ὃ(
1109 1837 1289 1875 tanquam
1312 1825 1565 1871 invisibilium,
1594 1842 1690 1880 quae

78 1883 254 1921 nostibus
278 1880 409 1918 serenis
424 1880 638 1932 praesertim
661 1892 727 1932 per
750 1881 928 1929 hyemem
942 1881 1109 1932 conspici
1136 1880 1249 1921 solet3
1278 1893 1320 1918 ut
1350 1883 1435 1919 illae
1455 1884 1690 1935 apparentiae

79 1937 215 1978 scilicet
230 1935 300 1974 sint
314 1948 396 1973 non
423 1936 544 1972 stellae
573 1934 750 1982 minores,
779 1935 840 1972 sed
857 1935 1081 1973 radiationes
1095 1946 1245 1973 tantum
1270 1939 1306 1973 ὃς
1323 1937 1544 1975 micationcs
1559 1942 1596 1977 ὅ(
1611 1950 1691 1978 tan-

82 2000 199 2044 quam
212 1991 356 2045 'spicula
381 1989 565 2028 stellarum
590 1992 847 2040 cognitarum3
877 1992 914 2028 &
929 2003 1027 2029 nova
1042 1992 1116 2037 jam
1140 1991 1246 2028 censa
1261 1991 1345 2029 sunt
1373 1994 1587 2044 plebeculae
1609 2007 1694 2033 coe-

84 2050 180 2087 lestis
190 2049 312 2100 capita
327 2058 346 2083 a
362 2043 539 2084 Galilaea
558 2058 640 2082 non
656 2045 777 2082 solum
794 2048 834 2082 in
851 2047 913 2083 illa
927 2056 1063 2092 turma,
1093 2059 1187 2097 quae
1204 2045 1401 2085 Galaxiae
1414 2050 1575 2087 nomine
1588 2049 1694 2100 insig-

83 2103 197 2150 nitur}
225 2113 356 2140 verum
381 2100 492 2139 etiam
512 2103 611 2138 inter
629 2099 799 2141 stationes
827 2101 917 2153 ipsas
938 2104 975 2139 ὅ(
997 2103 1150 2139 ordines
1172 2103 1420 2154 planetarum.
1477 2105 1612 2142 Stellae
1633 2119 1695 2142 au-

83 2155 376 2198 ten‘ifinvisibiles
397 2156 492 2193 fiunt
515 2166 578 2193 aut
599 2166 751 2208 propter
773 2156 939 2207 corporis
961 2156 1189 2206 parvitatem,
1218 2169 1280 2195 aut
1296 2168 1448 2210 propter
1472 2159 1696 2211 opacitatem

89 2216 201 2263 (nam'
218 2211 409 2251 tenuitatis
432 2223 576 2248 nomen
595 2224 687 2248 ‘non
709 2211 920 2248 admodum
947 2213 1208 2263 approbamus,
1236 2225 1326 2250 curn
1361 2214 1515 2251 flamma
1542 2227 1632 2265 pura
1655 2213 1697 2252 sit

84 2267 393 2322 corpus‘eximiae
414 2264 621 2316 tenuitatis)
650 2276 714 2304 aut
732 2277 885 2318 propter
904 2265 1190 2316 elongationem
1210 2270 1247 2304 ὃς
1264 2267 1483 2305 distantiam.
1541 2269 1601 2306 De
1615 2281 1700 2307 aue-

87 2323 184 2363 tario
210 2333 336 2362 autem
366 2321 513 2359 numeri
540 2322 717 2358 astrorum
748 2333 812 2373 per
838 2320 1119 2371 generationem
1149 2321 1335 2359 stellarum
1363 2335 1560 2371 novarum,
1590 2337 1699 2376 quae·

87 2378 260 2426 ffionem,
287 2388 330 2415 ut
351 2376 460 2429 prius,
489 2377 534 2414 ad
558 2377 689 2414 locum
711 2377 759 2413 de
773 2375 932 2414 cometis
947 2374 1142 2422 rejicimus.
1199 2378 1317 2429 Qlod
1339 2389 1430 2415 vero
1443 2378 1490 2415 ad
1513 2378 1699 2429 magnitu-

89 2434 219 2473 dinem
231 2433 414 2471 astrorum
436 2431 581 2479 attinet,
609 2444 652 2469 ea
678 2444 772 2483 quae
793 2430 843 2468 est
865 2431 1071 2469 secundum
1100 2431 1350 2483 apparentiam
1372 2433 1596 2483 magnitudo
1618 2447 1700 2486 per-

88 2489 186 2528 tinet
204 2489 250 2526 ad
265 2488 538 2540 phaenomena,
566 2500 650 2524 vera
673 2497 799 2524 autem
826 2487 870 2524 ad
888 2484 1166 2538 inquisitionem
1188 2486 1500 2539 philosophicam,
1528 2488 1611 2527 solo
1629 2489 1699 2527 illo

90 2547 273 2583 contenta
299 2542 532 2596 problemate
558 2541 804 2579 duodecimo:
834 2539 998 2590 quaesit
1022 2554 1106 2579 vera
1134 2541 1360 2592 magnitudo
1395 2543 1572 2596 cujusque
1607 2545 1700 2593 astri,

78 2601 151 2639 -vel
165 2598 387 2644 mensurata,
417 2598 476 2635 vel
492 2597 619 2634 saltem
643 2597 799 2634 collata?
829 2598 985 2634 Pacilius
1008 2595 1111 2634 enim
1135 2597 1183 2634 est
1197 2600 1357 2636 inventu
1373 2600 1410 2635 ὃς
1433 2598 1700 2648 demonstratu,

92 2655 256 2706 globum
278 2655 388 2691 lunae
416 2651 485 2689 effe
507 2652 626 2701 globo
645 2663 762 2690 terrae
792 2654 995 2699 minorem,
1023 2664 1138 2704 quam
1160 2653 1322 2702 globum
1351 2654 1461 2691 lunae
1488 2653 1528 2692 in
1555 2656 1702 2693 ambitu

93 2714 157 2750 tot
178 2706 295 2747 millia
313 2707 481 2760 passuum
504 2708 710 2744 continere.
767 2709 894 2759 Itaque
917 2707 1144 2745 tentandum
1167 2710 1206 2746 &
1227 2709 1552 2757 contendendum,
1582 2720 1624 2748 ut
1647 2723 1707 2748 ex·

95 2766 199 2804 actae
221 2761 500 2813 magnitudines
527 2760 782 2804 inveniantur3
825 2763 910 2799 illae
945 2759 972 2798 sl
1012 2762 1138 2800 minus
1173 2762 1301 2801 haberi
1327 2760 1482 2816 posfint,
1523 2765 1709 2802 utendum

98 2814 332 2874 comparatis.
390 2816 600 2870 Capiuntur
624 2826 751 2854 autern
774 2828 884 2869 atque
906 2818 1188 2855 concluduntur
1215 2817 1494 2869 magnitudines
1512 2831 1619 2857 verae
1650 2821 1709 2857 vel

84 2871 371 2927 *ab'eclipfibus
399 2875 436 2911 δί
464 2873 619 2919 umbris,
649 2873 708 2910 vel
737 2873 783 2910 ab
811 2870 1085 2910 extensionibus
1112 2883 1192 2911 tam
1225 2873 1386 2924 luminis·
1404 2887 1520 2926 quam
1554 2874 1709 2911 aliarum

100 2930 298 2976 virentum,
327 2940 417 2981 quas
439 2939 599 2980 corpora
620 2939 789 2978 quaeque
811 2939 881 2979 pro
906 2926 1051 2965 ratione
1074 2929 1345 2979 magnitudinis
1373 2928 1521 2978 longius
1549 2938 1613 2964 aut
1627 2941 1712 2980 pto-

101 2987 184 3037 pius'
197 2984 425 3030 eiaculantur
450 2985 487 3021 &
502 2981 740 3024 diffundunt3
769 2984 828 3021 vel
850 2981 1040 3034 postremo
1058 2995 1124 3035 per
1146 2984 1404 3034 symmetriam
1422 2980 1590 3030 universi,
1618 2996 1713 3035 quae

103 3037 294 3092 portienes
307 3049 510 3091 corporum
530 3038 837 3075 connaturalium
860 3050 903 3075 ex
919 3035 1133 3076 necessitate
1153 3039 1315 3091 quadam
1334 3047 1515 3090 temperat
1533 3039 1568 3075 ὅ(
1588 3038 1713 3076 termi-

105 3105 182 3132 nat.
201 3095 208 3116 f
231 3093 403 3130 -Minime
415 3105 506 3132 vero
520 3093 692 3130 standum
719 3091 762 3129 iis
785 3104 879 3143 quae
899 3093 948 3130 ab
971 3093 1191 3132 astronomis
1218 3095 1264 3132 de
1278 3093 1370 3133 veris
1393 3091 1717 3142 magnitudinibus

106 3148 286 3188 astrorum
311 3147 444 3186 tradita
469 3148 559 3186 sunt
585 3148 685 3196 (licet
712 3146 880 3186 videatur
908 3148 977 3186 effe
1007 3161 1064 3187 res
1100 3161 1259 3199 magnae
1281 3151 1318 3186 ὃς
1342 3157 1512 3186 accurate
1540 3147 1719 3185 subtilita-

169 3217 172 3220 ·
1658 3201 1717 3250 tis)

108 3280 134 3321 ⁴3
