1973 3570
94 137 200 203 316

732 125 1061 180 THEMA
1130 132 1427 208 ,COELI-

273 248 411 278 mento
433 234 706 289 magnitudinis
732 230 863 274 circuli
886 235 931 273 ad
961 235 1247 286 decrementum
1270 235 1453 286 temporis
1475 234 1546 277 sive
1562 235 1734 289 periodi„
1753 250 1881 287 motus

272 293 340 343 iste
351 292 543 345 infigniter.
559 292 771 331 decrescere
792 300 979 329 cernatur.
1034 290 1166 338 Atque
1185 290 1361 338 basternis
1376 292 1433 328 'de'
1447 292 1642 330 velocitate
1658 292 1807 332 seorsim
1820 297 1882 341 30-

272 350 353 388 euti
376 349 515 398 sumus,
540 347 699 400 perinde
719 359 764 384 ac
782 343 810 385 fi
835 347 1006 398 planetae
1034 343 1144 394 positi
1162 345 1352 396 -(cxcmpli
1379 345 1509 396 gratia,
1538 346 1604 384 sub
1632 350 1883 400 aequinoffio,

273 414 339 443 aut
360 406 491 454 aliquo
516 416 559 442 ex
582 400 784 453 parallelis)
812 410 1135 439 anteverterentur
1157 404 1309 440 tantum
1341 413 1362 438 a
1391 402 1507 438 cocl‘o‘
1521 400 1676 449 stellato,
1707 406 1743 440 &
1761 405 1808 441 ab
1826 407 1883 443 in-

274 461 411 508 vicem,
439 459 502 497 sed
530 469 659 496 tamen
685 457 751 495 sub
779 457 917 494 eodem
946 457 1017 492 illo
1041 454 1193 492 circulo.
1250 457 1352 494 Haec
1386 458 1490 493 enim
1519 454 1670 506 simplex
1697 457 1800 497 foret
1829 472 1882 504 re-

274 516 382 553 limo
401 515 540 563 absque
567 513 803 561 obliquitate.
856 511 916 548 At
942 509 1180 548 manifestum
1209 511 1269 558 est,
1298 513 1463 561 planetas
1482 523 1565 549 non
1599 512 1723 550 solum
1750 514 1885 564 impari

275 571 392 620 gradu
411 569 656 615 contendere,
684 567 745 605 sed
760 578 831 604 nec
850 566 897 603 ad
916 565 1019 603 idem
1037 566 1222 616 punctum
1238 565 1365 603 circuli
1389 565 1534 613 reverti,
1562 579 1694 605 verum
1717 567 1887 608 defleste·

277 637 320 663 re
347 625 471 664 versus
497 624 658 662 austrum
684 625 723 660 ὅ(
752 622 921 668 boream,
951 622 1056 667 cujus
1082 620 1302 658 defeetionis
1331 620 1469 659 limites
1498 621 1583 659 sunt
1610 621 1762 673 tropici3
1790 635 1885 673 quae

275 679 454 718 deflestio
479 678 590 717 nobis
615 678 797 716 circulum
823 676 1037 724 obliquum,
1068 678 1105 713 ὅ(
1129 676 1311 714 diversam
1341 676 1537 726 politatem
1563 677 1642 722 ejus
1665 681 1886 728 progenuit·>

277 734 607 784 quemadmodum
634 734 697 769 illa
726 733 926 769 celeritatis
948 732 1190 780 inaequalitas
1212 743 1364 768 motum
1388 732 1497 768 illum
1519 733 1753 771 renitentiae.
1790 735 1886 774 ·Ne—

277 802 354 842 que
375 802 469 829 vero
496 789 570 826 hoc
585 789 699 825 etiam
712 796 939 823 commento
954 795 1107 823 naturae
1133 796 1259 823 rerum
1283 799 1375 836 opus
1403 786 1463 833 est,
1492 799 1581 824 cum
1610 788 1829 837 recipiendo
1844 791 1885 828 li—

281 857 372 882 neas
388 844 537 894 spirales
566 843 619 890 (id
634 841 738 891 quod
758 842 931 893 proxime
954 840 1095 877 accedit
1111 841 1156 877 ad
1179 839 1325 878 sensum
1342 840 1380 877 &
1403 842 1557 891 faetum)
1586 854 1643 879 res
1655 841 1887 894 transigatur,

280 902 322 937 ὃς
354 900 417 937 ista
443 898 639 936 salventur.
694 896 826 944 Atque
862 894 986 945 (quod
1011 904 1122 946 caput
1149 897 1203 933 rei
1236 895 1298 944 est)
1336 896 1451 946 spirae
1473 895 1558 934 istae
1585 898 1641 935 nil
1673 896 1776 936 aliud
1802 898 1888 938 sunt

279 966 395 1005 quam
417 951 644 991 defectiones
665 964 687 989 a
702 961 813 989 motu
832 949 996 989 circulari
1019 950 1197 1000 perfeeto,
1224 952 1328 997 cujus
1342 952 1511 1003 planetae
1533 952 1618 989 sunt
1637 951 1884 1004 impatientes·

276 1009 397 1046 Prout
423 1006 528 1046 enim
548 1007 766 1044 substantiae
779 1006 1008 1056 degenerant
1030 1007 1208 1058 puritate,
1237 1007 1275 1044 δ(
1298 1007 1558 1058 explicatione,
1586 1005 1636 1044 ita
1658 1007 1889 1057 degenerant

277 1065 319 1101 &
341 1074 481 1101 motuS.
537 1064 674 1101 Evenit
695 1070 836 1108 autem,
862 1061 1188 1113 quemadmodum
1216 1062 1258 1099 in
1286 1058 1482 1109 celeritate,
1511 1059 1744 1100 sublimiores
1765 1064 1893 1115 plane·

280 1128 342 1157 tae
362 1120 534 1157 feruntur
556 1118 735 1164 velocius,
763 1115 984 1155 humiliores
1015 1115 1172 1158 tardius;
1201 1117 1253 1154 ita
1274 1115 1386 1154 etiam
1400 1126 1443 1154 ut
1466 1115 1700 1154 sublimiores
1721 1118 1890 1170 planetae

280 1173 472 1226 propiores
510 1171 711 1210 conficiant
739 1170 860 1223 spiras,
899 1184 1068 1224 quaeque
1094 1170 1252 1209 circulos
1279 1170 1429 1223 propius
1460 1172 1639 1213 referant3
1668 1172 1890 1212 humiliores

282 1241 388 1277 vero,
416 1229 526 1281 spiras
541 1229 659 1278 magis
673 1226 870 1273 disjunCtas
893 1229 930 1264 δί
952 1227 1108 1264 hiantes,
1162 1227 1369 1264 Deceditur
1397 1225 1499 1264 enim
1526 1237 1709 1279 perpetuo
1741 1228 1891 1267 descen-

282 1284 414 1323 dendo
428 1282 546 1333 magis
560 1295 601 1320 ac
628 1284 759 1333 magiS,
791 1284 826 1319 ὅ(
850 1295 870 1319 a
889 1282 982 1320 flore
997 1283 1068 1319 illo
1089 1280 1309 1329 velocitatis,
1338 1283 1376 1318 ὃς
1391 1294 1411 1319 a
1430 1281 1658 1334 perfeClione
1680 1292 1809 1321 motus
1823 1283 1890 1322 cir-

280 1341 427 1387 cularis,
456 1339 591 1376 ordine
611 1337 794 1389 nusquam
816 1338 1045 1388 perturbato.
1101 1338 1144 1374 In
1164 1348 1213 1374 eo
1233 1347 1362 1374 tamen
1387 1338 1555 1388 planetae
1578 1336 1791 1388 conspirant
1822 1339 1891 1386 (ut-

281 1405 372 1447 pote
388 1405 544 1444 corpora
567 1394 734 1430 multum
762 1392 963 1429 retinentia
986 1403 1138 1429 naturae
1157 1391 1387 1438 communis,
1417 1390 1502 1427 licet
1526 1391 1632 1429 aliter
1662 1391 1889 1444 differentia)

280 1461 325 1487 ut
340 1450 499 1488 habeant
515 1449 668 1487 eosdem
683 1446 819 1484 limites
832 1446 1075 1484 deflestionis.
1131 1447 1269 1495 Neque
1284 1447 1389 1483 enim
1404 1443 1599 1483 Saturnus
1612 1445 1709 1483 intra
1723 1450 1892 1501 tropicos

280 1515 434 1552 remeat,
463 1515 587 1552 neque
607 1504 697 1539 luna
711 1511 812 1538 extra
825 1499 992 1553 tropicos
1005 1500 1221 1552 exspatiatur
1251 1501 1303 1548 (&
1315 1510 1445 1538 tamen
1466 1501 1513 1538 de
1528 1501 1792 1553 exspatiatione
1812 1500 1891 1542 stel-

280 1560 340 1597 lae
365 1558 527 1599 Veneris
550 1569 631 1595 non
656 1557 930 1606 negligendum
947 1556 1051 1608 quod
1075 1556 1122 1594 ab
1144 1555 1327 1605 aliquibus
1355 1556 1535 1593 traditum
1559 1559 1596 1594 ὅ(
1619 1567 1794 1596 notatum
1826 1558 1889 1608 est)

280 1614 344 1652 sed
358 1611 514 1653 univerfi
542 1614 712 1665 planetae
735 1609 807 1651 five
829 1611 1065 1649 sublimiores
1092 1609 1162 1651 five
1182 1610 1414 1659 humiliores,
1443 1611 1635 1663 postquam
1650 1613 1696 1649 ad
1725 1615 1892 1666 tropicos

278 1680 505 1721 perventum
532 1668 593 1714 est,
622 1666 659 1704 se
686 1677 836 1705 vertunt
865 1669 903 1704 ὅ(
932 1677 1116 1714 retexunt,
1144 1664 1296 1717 pertaesi
1327 1665 1488 1704 minoris
1508 1665 1633 1718 spirae,
1662 1670 1781 1716 qualis
1807 1669 1890 1707 sub-

281 1725 406 1763 eunda
430 1725 542 1766 foret,
569 1721 596 1760 fi
622 1721 719 1773 polis
744 1722 861 1772 magis
887 1724 1246 1774 appropinquarent3
1276 1733 1432 1772 eamque
1465 1721 1642 1768 jaCturam
1666 1732 1805 1769 motuS,
1832 1735 1891 1763 ve-

281 1778 657 1818 lutidestruecionem
671 1787 825 1815 naturae
841 1777 925 1815 suae
943 1777 1195 1815 exhorrentes.
1250 1776 1461 1828 Utcunque
1489 1778 1593 1814 enim
1617 1775 1657 1814 iu
1681 1779 1792 1815 coelo
1814 1778 1892 1816 stel-

281 1836 363 1873 lato
390 1838 429 1878 ὅς
449 1833 571 1873 stellae
598 1844 717 1885 prope
732 1834 854 1883 polos,
884 1834 922 1869 &
948 1831 1048 1870 stella
1072 1833 1168 1870 circa
1183 1830 1475 1881 aequinoctium,
1504 1830 1653 1869 ordines
1670 1834 1706 1870 ὅ(
1720 1832 1893 1872 stationes

281 1890 363 1929 suas
377 1889 534 1938 servant,
562 1887 653 1926 aliae
672 1889 724 1932 ab,
740 1887 820 1925 aliis
843 1889 885 1925 in
908 1887 1086 1925 ordinem
1105 1887 1283 1934 redactae,
1311 1886 1457 1924 summa
1481 1888 1517 1923 ὅ(
1532 1887 1713 1939 aequabili
1727 1888 1894 1928 constan-

280 1944 350 1987 tia3
378 1946 546 1995 planetae
574 1942 820 1982 nihi-lominus
852 1943 1027 1981 videntur
1055 1942 1124 1980 effe
1150 1941 1367 1990 hujusmodi
1394 1941 1530 1979 mixtae
1558 1952 1722 1990 naturae,
1751 1954 1794 1996 ut
1821 1956 1894 1983 nee

279 1999 496 2039 breviorem
517 2010 652 2052 gyrum
675 1997 852 2046 omnino,
879 2009 952 2035 nec
979 1997 1201 2048 ampliorem
1222 1997 1382 2035 libenter
1405 1997 1538 2035 ferant.
1595 1997 1724 2049 Atque
1751 1997 1813 2037 ista
1839 2001 1894 2039 vi-

281 2054 421 2093 dentur
434 2053 545 2092 nobis
557 2055 672 2106 paulo
699 2053 857 2092 meliora
878 2052 973 2091 circa
996 2063 1122 2091 motus
1138 2052 1323 2101 coelestes,
1352 2064 1467 2101 quarn
1496 2062 1619 2103 raptus
1641 2053 1678 2090 ὃς
1710 2063 1892 2092 motuum

282 2111 542 2161 repugnantia,
579 2111 617 2146 ὅ(
640 2108 780 2147 diversa
807 2110 944 2161 politas
967 2107 1133 2155 Zodiaci,
1163 2110 1201 2145 δε
1225 2106 1386 2147 inversus
1406 2108 1505 2145 ord'o
1526 2106 1732 2155 celeritatis,
1760 2110 1799 2146 &
1824 2108 1893 2149 hu·

282 2165 450 2213 jusmodi
468 2177 563 2216 quae
575 2164 686 2201 nullo
709 2164 831 2201 modo
855 2175 943 2201 curn
967 2174 1099 2202 natura
1114 2176 1240 2202 rerum
1268 2164 1514 2210 conveniunt,
1544 2164 1631 2200 licet
1653 2174 1782 2214 pacem
1805 2172 1892 2214 qua-

283 2222 362 2265 lem
385 2217 536 2269 qualern
547 2220 676 2258 colant
704 2231 794 2257 curn
814 2220 977 2257 calculis.
1033 2220 1170 2271 Neque
1197 2216 1258 2256 ista
1281 2230 1367 2255 non⁴
1387 2216 1559 2257 viderunt
1573 2217 1776 2255 astronomi
1791 2231 1892 2271 prae·-

283 2274 488 2322 stantiores,
517 2274 579 2313 sed
601 2276 672 2312 arti
695 2273 778 2312 suae
799 2273 948 2321 intenti,
978 2275 1016 2311 δί
1037 2273 1130 2311 circa
1153 2274 1337 2325 perfeetos
1362 2274 1521 2311 circulos
1543 2271 1672 2324 inepti,
1700 2275 1737 2311 ὃς
1752 2273 1893 2315 subtili·

284 2340 378 2368 tates
400 2341 600 2382 captantes,
638 2332 675 2366 &
695 2329 954 2381 philosophiae
980 2330 1126 2367 malum
1149 2327 1341 2379 morigeri,
1370 2336 1542 2366 naturam
1570 2327 1672 2377 sequi
1696 2338 1893 2382 contemp-

286 2385 424 2424 serunt.
480 2387 627 2425 Verum
645 2383 738 2422 istud
752 2382 972 2436 sapientium
993 2383 1190 2422 arbitrium
1213 2383 1455 2435 imperiosum
1475 2381 1514 2420 in
1535 2394 1720 2431 naturam,
1749 2384 1797 2422 est
1816 2385 1893 2438 ipsa

283 2439 386 2490 vulgi
411 2439 642 2490 simplicitate
661 2440 939 2483 &credulitate
965 2437 1147 2480 deteriu53
1175 2437 1201 2476 fi
1227 2437 1307 2490 quis
1320 2436 1521 2485 manifesta,
1550 2440 1636 2490 quia
1663 2438 1749 2476 sunt
1771 2441 1895 2486 mani-

284 2493 373 2532 festa
394 2493 536 2534 fastidii.
592 2496 639 2533 Et
660 2504 792 2533 tamen
808 2493 942 2544 ingens
961 2495 1010 2532 est
1031 2494 1127 2532 illud
1148 2493 1306 2541 malum,
1337 2494 1373 2531 δε
1394 2489 1566 2531 latissime
1580 2503 1692 2546 patet,
1720 2503 1767 2531 ut*
1786 2493 1905 2547 inge»

286 2548 395 2586 nium
414 2550 637 2598 humanum,
652 2561 755 2597 ,cum
782 2562 847 2602 par
869 2551 978 2588 rebus
1000 2550 1069 2587 effe
1091 2561 1173 2586 non
1195 2545 1322 2600 possit,
1352 2548 1460 2600 supra
1476 2560 1534 2586 res
1548 2547 1618 2586 efl'c
1632 2546 1752 2587 malit.
1802 2548 1892 2603 J'am

286 2615 378 2642 vero
399 2606 669 2653 inquirendum
690 2614 820 2643 utrum
846 2615 977 2643 motus
1004 2604 1066 2642 iste
1086 2603 1218 2642 unicus
1249 2606 1285 2641 ὅ(
1301 2601 1464 2654 fimplex,
1492 2602 1532 2640 in
1554 2601 1752 2641 circulo&
1784 2603 1892 2655 spira,

282 2658 332 2697 ab
347 2657 493 2701 oriente
514 2661 564 2703 in·>
579 2658 829 2707 occidentem,
858 2660 965 2711 fiiper
986 2661 1097 2710 polos
1117 2669 1239 2696 certos
1253 2656 1444 2697 australem
1467 2661 1503 2696 δε
1519 2659 1722 2706 borealem,
1751 2658 1892 2700 desinat

282 2716 325 2751 &
351 2715 577 2752 terminetur
603 2727 691 2752 cum
709 2716 835 2762 coelo,
862 2727 911 2752 an
933 2716 1047 2753 etiam
1071 2713 1274 2752 deducatur
1300 2714 1346 2752 ad
1374 2713 1566 2751 inferiora.
1622 2713 1760 2762 Neque
1787 2714 1893 2758 enim

283 2769 449 2808 liberum
476 2769 547 2806 erit
561 2767 775 2816 hujusmodi
788 2768 921 2822 placita
948 2769 1165 2820 confingere
1179 2768 1240 2806 hic
1252 2767 1291 2806 in
1309 2770 1499 2821 proximo,
1529 2768 1651 2816 qualia
1674 2767 1910 2818 supponunts

283 2825 328 2867 in
354 2821 584 2866 coelestibus
632 2825 764 2875 >Itaque
792 2823 819 2862 fi
845 2824 886 2863 in
912 2825 970 2863 his
1003 2824 1220 2875 regionibus
1247 2835 1400 2876 quoque
1428 2822 1631 2876 reperiatur
1657 2824 1722 2860 ille
1748 2834 1890 2873 motus,

282 2879 474 2932 apparebit
501 2879 616 2927 etiam
642 2876 683 2915 in
710 2881 822 2918 coelo
843 2892 933 2918 eum
961 2881 1078 2918 talem
1105 2879 1176 2917 effe
1204 2879 1409 2917 fecundum
1442 2887 1613 2915 naturam
1640 2888 1890 2926 communem

283 2931 358 2973 five
381 2933 604 2976 cosmicam5
632 2933 781 2981 qualem
806 2947 878 2972 nos
896 2933 1000 2973 illam
1022 2933 1243 2985 experimur.
1300 2932 1430 2971 Primo
1458 2933 1580 2984 itaque
1602 2932 1712 2985 plane
1736 2933 1895 2982 constat,

281 2986 394 3028 illum
404 2984 505 3030 Jcoeli
517 2988 688 3027 terminis
710 2999 793 3025 non
814 2988 1013 3028 contineri.
1068 2991 1218 3029 Verum
1238 2987 1387 3035 hujusce
1412 2988 1466 3024 rei
1495 2986 1830 3026 demonstrationes
1850 2992 1914 3040 &t

280 3042 487 3086 evidentias
507 3044 549 3084 in
562 3040 831 3095 anticipatione
843 3043 967 3083 n'ostra
981 3045 1029 3083 de
1040 3044 1194 3083 fluxu&
1209 3040 1350 3096 refluxu
1373 3040 1484 3079 maris
1503 3043 1612 3094 plene
1635 3043 1888 3095 tractayinius‘5

343 3104 359 3107 ’“
1349 3104 1368 3109 “·
1640 3092 1652 3100 ”
1764 3099 1888 3151 itaque
