1973 3570
44 100 156 167 εμκ)

451 100 1177 150 MEDITATIONES
1238 102 1616 151 SACRAE.

815 295 905 353 De
936 293 1265 374 Hypocritis„

565 432 928 500 Mg'sericordiam
951 433 1042 480 volo
1067 429 1127 481 &³
1149 451 1231 480 που
1241 432 1535 498 sacrificium.

367 549 457 587 MN
467 550 512 586 IS
547 548 694 595 incitatio
726 547 1003 597 hypocritarum
1040 548 1087 585 est
1121 550 1160 584 in
1190 547 1362 599 operibus
1392 549 1534 597 primae
1564 547 1709 584 tabulae
1742 549 1848 598 legis,

388 616 481 652 quae
498 604 546 640 est
565 604 610 640 de
631 603 930 641 venerationibus
946 605 1032 640 Deo
1048 602 1191 640 debitis.
1247 602 1361 640 Ratio
1375 603 1508 651 duplex
1538 602 1598 648 cll,
1640 614 1723 640 tum
1743 603 1850 652 quod

249 658 464 704 hujusmodi
492 671 602 709 opera
630 652 814 703 majorem
841 659 979 695 habent
1006 669 1186 707 pompam
1215 656 1425 703 saiiffltatis,
1463 668 1545 693 turn
1575 658 1678 705 quod
1712 658 1850 709 cupidi-

246 715 382 752 tatibus
398 725 530 749 eorum
555 712 677 749 minus
710 710 956 750 adversentur.
1014 715 1141 760 Itaque
1170 712 1382 761 redargutio
1411 713 1691 761 hypocritarum
1713 712 1772 758 est,
1804 722 1847 749 ut

245 769 292 806 ab
308 769 482 819 operibus
506 765 668 803 sacrificii
692 765 928 803 remittantur
957 767 1003 802 ad
1024 779 1136 818 opera
1150 765 1435 813 misericordiae,
1463 768 1564 803 unde
1579 768 1686 812 illud,
1715 765 1851 819 religio

248 819 390 860 munda
411 817 458 862 C'J‘
478 819 728 858 immaculata
738 817 842 872 apud
853 818 990 859 (Deum
1006 817 1054 862 ἄν
1070 819 1238 858 Patrem
1251 818 1346 858 haec
1366 819 1427 870 est,
1457 818 1787 873 vffl'taerepapillos
1803 818 1851 864 (β’

248 875 392 914 vjduas
432 876 473 912 in
507 872 758 912 tribulatione
790 886 916 912 eorum
930 893 944 917 ,ς
976 878 1012 912 ὃς
1039 876 1145 922 illud,
1177 875 1245 928 qui
1276 887 1350 914 non
1377 873 1511 927 diligit
1535 873 1713 926 fratrem
1735 876 1855 928 filum

251 942 361 983 quem
380 926 500 975 vidit,
532 928 668 966 ‘Dra-'m
687 941 797 982 quem
825 941 898 967 non
918 927 1027 967 vidit
1041 927 1354 983 quomodopotcst
1374 928 1565 982 diligere?
1605 932 1770 983 Quidam
1791 943 1852 969 au-

248 981 327 1022 tem
352 985 493 1021 altioris
518 986 553 1021 ὃς
584 984 776 1021 inflatioris
809 983 1007 1036 hypocrisis
1045 985 1180 1038 seipsos
1205 985 1443 1035 decipientes,
1481 987 1518 1022 ὅ(
1545 985 1788 1024 existimantes
1816 985 1853 1023 se

249 1038 404 1077 aritiore
425 1051 513 1076 cum
538 1041 624 1076 Deo
652 1038 937 1077 conversatione
965 1040 1113 1090 dignos,
1141 1036 1265 1078 officia
1291 1039 1473 1078 charitatis
1498 1039 1538 1077 in
1567 1042 1784 1089 proximum
1811 1051 1854 1079 ut

250 1095 402 1131 minora
432 1095 641 1143 negligunt.
698 1094 773 1146 Qui
801 1106 904 1131 error
933 1095 1154 1133 monasticae
1191 1097 1288 1134 vitae
1320 1107 1402 1133 non
1438 1093 1663 1146 principium
1700 1094 1856 1144 quidem

252 1150 369 1195 dedit,
399 1147 506 1198 (nam
532 1148 636 1185 initia
652 1149 751 1187 bona
765 1149 944 1199 fuerunt‚)
975 1149 1038 1187 sed
1052 1150 1232 1189 excessum
1253 1148 1403 1187 addidit.
1459 1150 1575 1187 Recte
1589 1149 1692 1187 enim
1712 1150 1856 1188 dietum

254 1204 316 1250 est,
346 1201 482 1240 orandi
495 1214 631 1241 munus
645 1215 824 1255 magnum
847 1201 918 1255 eff&
940 1215 1076 1242 munus
1097 1204 1140 1243 in
1154 1201 1315 1255 ecclcfia,
1345 1207 1380 1242 ὅ(
1396 1217 1439 1242 ex
1462 1203 1527 1241 usu
1542 1203 1709 1242 ecclesiae
1724 1205 1784 1252 est,
1813 1215 1856 1242 ut

253 1257 323 1295 sint
345 1268 472 1295 coetus
495 1258 698 1295 hominum
715 1271 734 1294 a
753 1260 954 1296 mundanis
977 1261 1075 1298 curis
1094 1259 1218 1307 soluti,
1247 1261 1312 1308 qui
1335 1255 1482 1297 assiduis
1510 1261 1547 1296 ὅ(
1569 1259 1714 1298 devotis
1742 1261 1857 1310 preci-

254 1314 322 1350 bus
337 1314 464 1349 Deum
479 1325 549 1362 pro
564 1311 731 1350 ecclesiae
759 1313 849 1351 statu
872 1313 1071 1351 solicitent.
1129 1315 1201 1352 Sed
1228 1313 1314 1351 huic
1336 1313 1568 1351 ordinationi
1596 1315 1659 1352 illa
1690 1312 1860 1365 hypocri-

253 1366 297 1404 fis
324 1366 483 1404 finitima
508 1366 567 1414 est,
596 1380 667 1405 nec
691 1366 858 1405 universa
886 1367 1067 1405 institutio
1095 1369 1325 1417 reprobatur,
1355 1367 1415 1405 sed
1449 1367 1594 1419 spiritus
1617 1367 1672 1406 illi
1704 1369 1739 1406 se
1773 1368 1860 1418 effe-

256 1432 379 1458 rentes
398 1420 642 1458 cohibentur:
671 1433 759 1458 nam
790 1424 826 1458 &
850 1420 988 1459 Enoch
1016 1422 1079 1474 qui
1106 1424 1309 1461 ambulavit
1337 1433 1424 1460 curn
1445 1423 1546 1470 Deo,
1576 1422 1857 1475 prophetizavit,

255 1487 297 1513 ut
327 1475 375 1512 est
402 1476 498 1524 apud
532 1473 698 1526 Judam,
740 1485 851 1525 atque
873 1477 995 1514 fruitu
1027 1477 1111 1514 suae
1135 1477 1354 1530 prophetiae
1372 1476 1561 1515 ecclefiam
1589 1477 1755 1517 donavit.
1809 1481 1858 1516 Et

255 1528 462 1581 Jolmmzes
474 1527 666 1582 Baptista,
697 1543 812 1579 quem
826 1533 1036 1583 principem
1050 1533 1203 1583 quidam
1228 1535 1324 1571 vitae
1347 1531 1569 1570 monasticae
1588 1535 1734 1580 volunt,
1763 1536 1858 1571 mul-

254 1595 298 1622 to
313 1583 518 1621 ministerio
532 1585 680 1623 functus
696 1586 755 1632 est,
784 1596 866 1623 tum
883 1586 1228 1638 prophetizationis,
1251 1599 1335 1625 turn
1362 1588 1634 1637 baptizationis.
1691 1591 1793 1628 Nam
1810 1589 1857 1626 ad

254 1639 345 1676 alios
372 1638 455 1676 istos
493 1638 532 1676 in
560 1642 687 1678 Deum
729 1637 919 1678 officiosos
948 1642 1107 1679 refertur
1135 1641 1196 1679 illa
1225 1641 1481 1692 interrogatio,
1523 1641 1567 1681 Si
1582 1640 1691 1696 jzste
1719 1644 1853 1696 egeris,

255 1691 353 1746 quid
363 1691 522 1731 donabis
536 1693 642 1741 Deo,
671 1702 742 1732 aut
756 1694 854 1748 qnid
871 1694 917 1733 de
932 1708 1047 1734 mann
1062 1702 1132 1734 tua
1150 1695 1346 1748 accipiet?
1374 1699 1499 1749 Quare
1512 1710 1624 1747 opera
1652 1697 1857 1736 misericor-

255 1751 337 1785 diae
352 1748 437 1786 sunt
456 1761 569 1800 opera
589 1748 817 1787 discretionis
836 1751 1128 1800 hypocritarum.
1187 1752 1336 1789 Contra
1362 1764 1488 1789 autem
1514 1753 1555 1790 fit
1586 1764 1674 1791 cum
1707 1753 1874 1811 haereti-3

259 1803 320 1850 cis,
350 1815 439 1840 nam
468 1814 510 1841 ut
538 1805 755 1856 hypocritae
777 1804 945 1843 simulata
972 1806 1033 1844 sua
1060 1804 1247 1844 sanctitate
1279 1807 1403 1844 versus
1431 1809 1571 1855 Deum,
1600 1807 1752 1855 injurias
1780 1809 1875 1847 su'as'

257 1857 380 1896 versus
401 1858 578 1896 homines
596 1859 813 1901 obducunt;
840 1859 889 1897 ita
913 1860 1084 1899 haeretici
1106 1860 1318 1900 moralitate
1339 1862 1499 1913 quadam
1527 1863 1650 1901 versus
1676 1862 1859 1911 homines,

258 1913 497 1964 blasphemias
513 1913 590 1952 suas
605 1924 738 1952 contra
753 1916 881 1953 Deum
895 1913 1093 1954 insinuant.

795 2059 884 2117 De
912 2061 939 2118 Ι
944 2017 1317 2141 mpostoribus.

443 2196 549 2244 Sive
561 2209 699 2244 mente
719 2198 961 2248 excedimus
976 2199 1088 2257 Deo,
1111 2201 1214 2266 five
1212 2201 1364 2266 sobrii
1370 2200 1530 2268 stamus
1552 2200 1684 2249 vobis⁴

386 2309 503 2348 ERA
528 2309 578 2347 est
592 2311 654 2348 ista
682 2308 833 2362 effigies,
864 2315 902 2351 ὅ(
924 2326 1057 2363 verum
1076 2324 1419 2366 temperamentum
1435 2316 1516 2363 viri,
1545 2317 1605 2352 cui
1638 2313 1768 2364 religio
1799 2328 1858 2368 pe-

407 2366 507 2402 nitus
538 2366 579 2402 in
608 2367 830 2417 praecordiis
862 2367 1009 2416 insedit,
1047 2371 1084 2407 &
1117 2364 1196 2408 {reri
1229 2370 1384 2423 operarii
1415 2369 1498 2409 Dei.
1557 2369 1802 2408 Conversatio
1825 2371 1860 2408 ei

260 2431 353 2465 quae
375 2431 462 2456 cum
490 2420 578 2457 Deo
606 2421 666 2466 cst,
703 2423 813 2473 plena
838 2423 1006 2471 excessus,
1039 2425 1076 2461 &
1105 2423 1187 2472 zeli,
1231 2428 1267 2463 &
1297 2423 1432 2463 extasis.
1488 2423 1586 2462 Hinc
1616 2423 1777 2474 gemitus
1803 2427 1859 2463 in-

260 2472 422 2510 effabiles
437 2476 473 2511 ὃς
501 2476 758 2524 exultationes,
788 2479 825 2515 ὅς
847 2487 971 2529 raptus
997 2477 1146 2528 spiritus
1174 2482 1211 2518 ὃ(
1237 2492 1387 2530 agones.
1443 2479 1500 2517 At
1522 2492 1615 2531 quae
1630 2492 1718 2517 cum
1737 2479 1860 2518 homi-

261 2526 367 2564 nibus
391 2528 449 2574 est,
477 2530 586 2580 plena
609 2530 904 2571 mansuetudinis
928 2532 1193 2572 &sobrietatis
1216 2536 1253 2572 &
1276 2535 1599 2585 morigerationis
1626 2532 1712 2571 hinc
1734 2537 1863 2574 omnia

259 2579 429 2618 omnibns
439 2580 689 2636 faHztsfitm,
721 2588 757 2623 &
776 2587 1005 2634 hujusmodi.
1067 2588 1214 2627 Contra
1231 2589 1273 2627 fit
1298 2591 1338 2628 in
1358 2588 1562 2642 hypocritis
1585 2591 1621 2626 δε
1654 2590 1862 2638 impostori-

259 2636 345 2672 bus:
376 2638 401 2672 ii
417 2638 520 2672 enim
541 2640 579 2676 in
594 2642 739 2690 populo
768 2644 805 2679 ὅς
819 2640 1198 2688 ecclesia‘incendunt
1221 2644 1256 2681 se
1285 2647 1323 2682 ὃ(
1339 2645 1533 2693 excedunt,
1562 2645 1599 2680 ὅ(
1613 2644 1726 2681 veluti
1754 2644 1859 2682 sacris

260 2691 450 2727 furoribus
465 2688 579 2729 afflati
595 2694 722 2733 omnia
733 2696 903 2735 miscent.
961 2696 996 2736 Si
1012 2699 1094 2749 quis
1113 2708 1241 2736 autem
1255 2711 1390 2737 eorum
1401 2697 1617 2737 solitudines
1635 2700 1670 2735 δ(
1687 2698 1861 2750 separatas
1912 2733 1915 2737 .

261 2745 524 2782 meditationes
553 2749 588 2783 δε
615 2761 702 2786 cum
723 2752 810 2788 Deo
829 2752 1128 2791 conversationes
1155 2751 1397 2806 introspiciat,
1427 2752 1677 2805 deprehendat
1697 2765 1755 2790 eas
1779 2766 1860 2792 non

262 2810 408 2836 tautum
429 2800 578 2848 frigidas
598 2803 634 2837 &
662 2802 737 2841 stne
760 2811 883 2856 motu,
912 2801 980 2848 sed'
1000 2808 1128 2859 plenas
1149 2807 1312 2846 malitiae
1340 2812 1375 2847 &
1401 2808 1589 2855 fermenti,
1620 2806 1732 2845 sobrii
1760 2810 1860 2856 Deo,

263 2866 391 2892 incute
413 2868 444 2892 ci
456 2853 628 2893 cedentes
653 2861 808 2910 populo.
1713 2862 1715 2864 .

395 2922 405 2946 1

1796 2973 1866 3011 *Do
