1973 3570
231 208 1518 259 HrsToRIAsoNIETAUDITus.
1740 227 1830 273 191

68 307 229 348 musicis
253 308 378 345 editur
403 307 514 344 sonus
535 319 601 359 per
625 308 747 343 a'e'rem
763 307 1037 356 percutientem
1063 317 1196 355 aquam
1213 308 1252 344 in
1277 306 1392 345 fistula
1407 309 1470 345 illa
1491 321 1603 358 quam
1626 324 1689 350 vo-

73 374 158 402 cant
176 363 431 407 luscinioIam,
461 374 556 411 quae
585 362 707 399 reddit
724 361 860 399 sonum
885 371 1068 411 perpetuo
1083 363 1304 408 tremulum,
1334 364 1375 399 in
1401 373 1506 400 mota
1522 376 1625 413 aqua,
1655 371 1692 405 &

79 418 205 457 rursus
226 418 260 455 se
285 418 511 468 recipiente:
541 418 654 454 etiam
671 418 711 454 in
726 417 877 454 ludicris
893 416 1159 464 instrumentis,
1190 416 1322 465 quibus
1346 417 1381 455 se
1397 419 1586 456 oblectant
1606 433 1692 472 pue-

81 476 120 512 ri
139 474 286 521 (Gallos
311 471 466 522 vocant)
483 472 528 511 ad
554 473 812 509 imitationem
835 483 974 510 vocum
999 473 1147 508 avium:
1177 470 1346 509 similiter
1374 475 1415 510 in
1430 474 1510 510 aliis
1533 474 1689 523 hydrau-

81 529 176 567 licis.

99 616 103 619 c
131 586 365 621 EXEMPLA
390 577 634 631 percuslionis
650 582 822 634 corporis
847 582 935 618 duri
963 581 1008 618 ad
1029 594 1165 632 corpus
1188 582 1327 620 durum
1351 582 1387 619 se
1407 583 1607 622 ostendunt
1631 587 1690 624 vel

78 637 305 689 simpliciter,
334 639 392 675 vel
417 648 503 673 cum
532 638 883 674 communicatione
898 635 988 673 a'e‘ris
1002 637 1182 675 nonnihil
1207 635 1384 684 conclusi,
1413 649 1557 689 praeter
1573 640 1683 678 illum

83 705 208 731 aerem
223 695 288 742 qui
304 692 445 730 secatur
466 689 536 729 five
552 690 703 729 eliditur
717 691 814 730 inter
838 704 997 741 corpora
1012 692 1103 729 dura
1123 693 1307 742 percuss'a3
1336 690 1562 742 simpliciter,
1592 697 1688 733 utin

81 750 194 787 omni
209 748 465 794 malleatione,
488 746 549 784 scu
563 746 772 796 pulsatione
788 759 994 799 corporum
1009 747 1214 789 durorum3
1235 759 1322 785 cum
1338 748 1688 788 communicatione

80 803 171 841 aeris
186 801 330 849 inclufi,
360 812 400 839 ut
417 803 457 838 in
473 803 661 852 campanis
677 804 713 839 ὅς
731 804 930 854 tympanis.

92 892 96 894 .
130 859 274 896 LA1>1s
290 858 444 901 injectus
467 857 615 895 fortiter
627 856 666 894 in
682 869 815 906 aquam
830 858 950 894 reddit
966 856 1123 899 sonum3
1145 868 1256 907 atque
1272 859 1385 895 etiam
1401 869 1526 907 guttae
1542 860 1686 912 pluviae

80 913 254 952 cadentes
268 912 374 963 super
389 923 546 960 aquam3
574 924 645 949 nec
659 914 785 950 minus
808 913 906 951 unda
920 911 1067 965 pulsans
1093 914 1255 951 undam:
1285 915 1326 951 in
1346 915 1481 963 quibus
1495 913 1685 965 percussio

79 968 121 1006 fit
136 970 235 1006 inter
250 979 385 1017 corpus
400 968 537 1004 durum
554 970 591 1005 ὅ(
605 979 751 1016 aquam.

134 1025 367 1062 meun
390 1021 430 1059 in
455 1023 699 1071 generatione
714 1024 842 1059 omnis
868 1021 949 1059 soni
967 1023 1061 1060 illud
1082 1023 1250 1060 constans
1269 1023 1350 1069 ess'c,
1380 1034 1420 1061 ut
1447 1025 1590 1073 aliquae
1613 1024 1684 1064 sint

0 1076 7 1158 ’ξ
80 1088 200 1129 partes
214 1079 317 1125 ae'riS,
346 1088 461 1126 utque
482 1079 689 1126 requiratur
712 1079 774 1114 a'er
793 1079 891 1114 inter
906 1090 1066 1129 corpora
1088 1078 1273 1127 percuffa3
1304 1080 1368 1126 qui
1385 1080 1454 1126 a'e'r,
1483 1081 1523 1117 in
1540 1081 1684 1129 percus-

0 1174 2 1182 ,
81 1132 184 1171 sione
209 1134 378 1182 corporis
402 1133 485 1170 duri
511 1133 557 1169 ad
582 1134 718 1178 aerem,
756 1134 794 1169 &
818 1133 987 1183 corporis
1009 1132 1093 1169 duri
1120 1133 1165 1169 ad
1190 1144 1326 1181 corpus
1349 1133 1499 1180 durum,
1536 1136 1683 1173 videtur

0 1198 3 1243 ζ
46 1225 48 1227 ,
81 1187 278 1226 manifesto
303 1187 415 1224 secari
430 1197 491 1224 aut
518 1186 617 1223 elidi.
675 1187 856 1224 Arbitror
880 1187 1075 1224 flammam
1099 1188 1144 1224 ad
1169 1187 1243 1224 hoc
1265 1187 1366 1236 posse
1389 1184 1568 1236 sufficere,
1605 1189 1685 1228 vice

0 1251 2 1259 '
79 1245 192 1281 a'e'ris:
229 1243 346 1281 veluti
375 1240 400 1278 si
426 1243 524 1278 inter
552 1241 720 1278 flammas
747 1243 908 1287 majores
934 1241 1043 1279 sonet
1069 1254 1259 1294 campana,
1300 1253 1362 1280 aut
1390 1243 1528 1292 lapides
1556 1256 1684 1295 pereu-

0 1295 4 1353 Ι
74 1300 240 1336 riantur:
269 1308 305 1334 at
327 1298 368 1334 in
388 1292 684 1346 percussionibus
710 1298 802 1334 a'elris
822 1297 867 1334 ad
888 1298 1011 1334 aerem
1036 1295 1139 1334 elisio
1163 1308 1224 1334 aut
1248 1296 1429 1348 separatio
1450 1297 1512 1335 illa
1536 1298 1681 1337 videtur

0 1358 5 1382 l
78 1352 286 1400 obscurior,
315 1350 376 1389 sed
392 1361 540 1390 tantum
559 1352 707 1389 videtur
722 1354 781 1389 ae'r
801 1352 986 1389 verberari
1002 1354 1039 1389 ὃ(
1054 1353 1211 1402 impelli,
1239 1352 1353 1400 idque
1372 1352 1540 1390 molliter
1555 1354 1683 1391 admo⁴

17 1458 23 1461 ³
81 1409 231 1446 durnin
249 1420 343 1446 voce
357 1408 446 1444 leni.
503 1406 687 1444 Attamen
710 1407 851 1444 neceffe
865 1408 1023 1454 videtur,
1053 1409 1168 1444 etiam
1182 1405 1221 1444 in
1241 1406 1315 1444 hoc
1329 1420 1478 1456 genere,
1508 1418 1548 1446 ut
1565 1407 1604 1446 sit
1620 1411 1684 1446 ali-

80 1475 152 1513 qua
175 1461 279 1500 elisio
301 1463 394 1499 ae'ris
416 1458 572 1513 percuffi
598 1473 663 1511 per
686 1463 810 1499 aerem
830 1463 1122 1511 percutientem:
1162 1474 1251 1499 nam
1271 1464 1385 1499 etiam
1410 1462 1450 1500 in
1473 1466 1555 1501 a'ere
1572 1475 1685 1502 moto

80 1531 146 1569 per
168 1518 372 1564 flabellum,
402 1519 462 1554 a'eJr
484 1529 503 1554 a
527 1518 653 1564 latere,
683 1518 721 1554 ὅ(
745 1516 876 1554 emisso
891 1518 974 1554 ae're
997 1529 1062 1568 per
1085 1516 1207 1563 folles,
1238 1529 1389 1554 currens
1412 1519 1477 1554 ille
1502 1520 1594 1556 aeris
1616 1521 1683 1568 qui

83 1575 283 1620 emittitur,
323 1571 457 1611 dividit
480 1571 669 1621 reliquum
694 1573 830 1609 aerem.
886 1573 1033 1610 Verum
1057 1571 1105 1609 de
1130 1571 1205 1609 hoc
1229 1584 1367 1621 genere
1389 1570 1551 1610 elisionis
1577 1576 1683 1621 aeris,

82 1629 187 1679 quod
209 1628 251 1666 fit
272 1629 337 1666 ubi
357 1628 450 1665 ae‘ris
469 1623 657 1679 percussio
671 1627 716 1664 ad
736 1629 861 1665 ae'rcm
875 1627 951 1665 edit
973 1626 1121 1674 sonum,
1149 1637 1191 1664 ut
1210 1628 1251 1664 in
1265 1638 1381 1679 voce,
1400 1628 1610 1676 inquiratur
1630 1631 1683 1668 ul-

83 1686 210 1723 terius.

136 1740 342 1778 Mmuro
362 1739 563 1787 dubitatur,
592 1749 722 1778 utrum
745 1735 931 1789 percussio
951 1739 1013 1776 illa
1036 1749 1131 1787 quae
1150 1737 1227 1774 cclit
1251 1736 1387 1775 sonum
1409 1749 1495 1775 cum
1519 1741 1579 1776 a'er
1601 1752 1682 1791 per—

82 1796 223 1834 cutitur
246 1807 311 1846 per
327 1794 520 1841 chordam,
549 1804 613 1832 aut
636 1796 735 1841 alias,
764 1795 826 1832 fiat
842 1795 887 1831 ab
911 1795 1036 1841 initio,
1066 1805 1155 1830 cum
1175 1794 1233 1829 ae'r
1249 1790 1432 1829 resiliente
1448 1793 1586 1830 chorda
1600 1807 1679 1844 per-

81 1852 242 1890 cutitut3
270 1860 334 1887 aut
350 1850 463 1899 paulo
484 1850 576 1900 post,
605 1848 777 1888 videlicet
793 1849 949 1887 densato
963 1861 1027 1899 per
1047 1849 1207 1898 primam
1222 1843 1499 1897 percussionem
1522 1851 1613 1897 aere,
1643 1852 1682 1888 &

80 1905 220 1944 deinde
238 1904 440 1955 praestante
454 1906 551 1942 vices
564 1915 745 1953 tanquam
760 1906 930 1957 corporis
945 1905 1045 1942 duri.

135 1961 235 2001 UBI
251 1959 418 1997 redditur
441 1959 552 1998 sonus
573 1972 638 2010 per
660 1956 937 2009 percussionem
952 1960 1044 1997 aeris
1065 1958 1112 1996 ad
1126 1960 1262 2005 aerem,
1292 1959 1495 2007 requiritur
1509 1970 1551 1996 ut
1570 1957 1612 1996 sit
1626 1961 1682 1996 in-

80 2016 285 2054 carceratio
307 2025 370 2052 aut
389 2013 580 2053 conclusio
602 2016 694 2053 a'e'ris
709 2016 750 2052 in
773 2017 902 2064 aliquo
921 2027 1110 2056 concavo;
1141 2024 1183 2052 ut
1207 2015 1247 2050 in
1261 2012 1456 2051 fistulando
1471 2026 1538 2066 per
1558 2026 1612 2061 os,
1641 2016 1683 2052 in

79 2070 200 2112 tibiis3
229 2071 271 2107 in
294 2070 462 2111 barbit03
490 2072 531 2107 in
554 2083 659 2117 voce,
687 2082 782 2119 quae
806 2071 999 2122 participat
1025 2070 1090 2107 ubi
1117 2071 1176 2106 ae'r
1198 2069 1403 2106 includitur
1426 2070 1467 2106 in
1490 2081 1582 2106 cavo
1605 2071 1682 2106 oris

79 2136 143 2165 aut
157 2127 328 2176 gutturis.
383 2127 427 2162 Iri
452 2122 687 2174 percussione
706 2126 876 2175 corporis
898 2125 982 2162 duri
997 2125 1043 2162 ad
1068 2126 1193 2161 a'erem
1208 2124 1411 2172 requiritur
1433 2123 1587 2161 durities
1602 2135 1683 2160 cor-

83 2183 197 2233 poris,
226 2183 264 2218 &
288 2179 380 2218 citus
402 2191 552 2222 motus3
580 2183 617 2218 ὅ(
642 2181 834 2218 interdum
857 2180 1158 2218 communicatio
1181 2190 1268 2216 cum
1293 2190 1473 2224 concavo,
1503 2187 1543 2214 ut
1567 2179 1608 2214 in
1630 2179 1680 2214 ci-

83 2236 198 2284 thara,
227 2237 317 2284 lyra,
346 2235 599 2285 flagellatione
613 2237 717 2283 aeris,
746 2238 815 2273 &c.
870 2235 927 2272 At
943 2236 982 2272 in
997 2230 1233 2286 percussione
1252 2231 1420 2282 corporis
1434 2232 1518 2269 duri
1538 2231 1584 2268 ad
1598 2243 1679 2270 cor-

83 2304 152 2342 pus
167 2292 305 2329 durum
319 2292 443 2328 minus
463 2290 662 2339 requiritur
677 2301 898 2337 concavum,
927 2299 990 2326 aut
1005 2290 1103 2325 celer
1117 2297 1253 2325 motus.

137 2348 163 2384 F
172 2356 373 2384 ABULAN
383 2356 443 2383 TU
453 2358 481 2383 R
497 2346 543 2383 de
558 2348 709 2395 pulvere
723 2347 834 2395 pyrio
849 2346 948 2391 albo,
969 2345 1035 2392 qui
1049 2341 1241 2392 praestaret
1256 2336 1530 2389 percussionem
1545 2340 1682 2390 absque

83 2400 191 2440 sono.
249 2401 410 2438 Certum
426 2399 474 2438 est
493 2403 637 2438 nitrum
652 2401 755 2450 quod
782 2399 831 2437 est
845 2400 984 2444 album,
1014 2399 1059 2435 ad
1083 2392 1383 2434 exsufflationem
1403 2394 1608 2445 plurimum
1622 2409 1681 2435 va-

84 2459 174 2503 lere,
202 2457 254 2493 ita
272 2465 400 2493 tamen
416 2465 457 2493 ut
480 2458 678 2507 pernicitas
694 2453 918 2493 incensionis
947 2448 1273 2503 &percussionem
1300 2452 1337 2487 ὅ(
1352 2450 1488 2488 sonum
1513 2452 1680 2489 multum

83 2520 330 2563 promoveat:
360 2511 433 2547 cita
455 2521 580 2548 autem
603 2509 770 2548 incensio
784 2523 827 2548 ex
849 2510 1013 2546 carbone
1028 2507 1146 2544 salicis
1164 2506 1326 2542 maxime
1345 2505 1523 2552 causatur,
1550 2507 1615 2554 qui
1631 2507 1681 2544 est

83 2569 203 2617 niger.
259 2567 376 2615 Igitur
399 2562 426 2602 fi
440 2565 503 2602 fiat
526 2564 751 2616 compositio
767 2578 808 2603 ex
832 2564 1005 2614 sulphure
1028 2564 1184 2600 &nitro
1207 2563 1244 2598 ὅ(
1259 2573 1302 2598 ex
1325 2560 1482 2598 modico
1506 2561 1681 2610 campho-

85 2634 160 2669 rae,
187 2622 267 2659 fieri
281 2620 398 2671 potest
424 2630 465 2657 ut
481 2620 646 2658 incensio
660 2619 701 2658 sit
724 2621 880 2667 tardior,
909 2621 946 2656 ὃς
968 2613 1153 2667 percussio
1167 2617 1313 2653 nonita
1339 2614 1484 2652 vibrans
1499 2617 1536 2652 ὃς
1551 2626 1680 2653 acuta:

85 2677 187 2715 unde
206 2678 376 2714 multum
398 2671 512 2724 possit
527 2675 689 2713 diminui
704 2676 751 2713 de
772 2675 888 2715 sono;
921 2673 982 2710 sed
1007 2672 1118 2710 etiam
1133 2683 1220 2709 cum
1243 2671 1379 2717 janui-a
1393 2669 1433 2708 in
1453 2670 1680 2711 fortitudine

85 2727 341 2782 percuffionis.
395 2731 456 2767 De
475 2730 549 2767 hoc
563 2730 772 2779 inquiratur
788 2730 953 2769 ulterius,

345 2811 420 2852 ‘De
431 2810 634 2851 duratione
642 2810 744 2864 fini,
775 2808 823 2855 ὠ
837 2809 921 2865 ejus
933 2809 1100 2849 interitu
1115 2806 1163 2852 (ῥ’
1176 2805 1421 2847 εκΐίηὲῗίοηε.

139 2878 316 2916 DURAT
326 2889 375 2915 10
389 2876 471 2914 soni
488 2888 685 2926 campanae
699 2875 881 2926 percussae
895 2884 956 2913 aut
971 2874 1144 2921 chordae,
1171 2874 1237 2922 qui
1250 2872 1397 2910 videtur
1411 2868 1627 2921 prolongari
1643 2869 1679 2905 ὃς

88 2928 220 2970 sensim
243 2934 422 2983 extingui,
457 2945 538 2969 non
563 2933 737 2982 provenit
762 2932 892 2978 utique
914 2942 935 2967 a
959 2930 1082 2979 prima
1101 2924 1359 2981 percuffione:
1396 2926 1456 2963 sed
1478 2923 1677 2972 trepidatio

88 2989 257 3036 corporis
271 2983 427 3037 pcrcuffi
449 2997 602 3036 generat
617 2988 657 3024 in
671 2988 753 3023 aere
775 2986 1015 3023 continenter
1030 2996 1175 3023 novum
1194 2982 1342 3021 sonum.
1398 2983 1499 3018 Nam
1513 2976 1539 3015 si
1554 2978 1679 3027 prohi-

89 3043 219 3080 beatur
234 3043 298 3079 illa
316 3042 531 3091 trepidatio,
559 3044 596 3080 &
610 3039 745 3078 sistatur
760 3052 938 3090 campana
953 3049 1015 3078 aut
1030 3038 1182 3086 chorda,
1211 3040 1307 3088 perit
1323 3038 1401 3074 cito
1416 3034 1526 3071 sonus
1542 3046 1552 3074 3
1581 3042 1623 3070 ut
1636 3032 1678 3069 fit

88 3097 130 3135 in
144 3096 344 3147 espinettis,
371 3097 437 3137 ubi
451 3094 477 3134 fi
491 3098 696 3136 dimittitur
711 3096 824 3148 spina,
853 3105 895 3138 ut
910 3094 1091 3135 chordam
1105 3103 1245 3145 tangat,
1271 3091 1377 3131 cess'at
1393 3089 1514 3181 song.

1502 3150 1682 3181 AMPANA
