1973 3570
143 256 245 290 220
582 233 1094 300 INQUISITIO
1144 230 1252 278 DE
1304 230 1552 280 MOTU.

287 337 417 387 Atque
440 337 551 374 ctiam
568 335 660 372 illud
685 333 752 372 usu
766 334 881 378 venit,
910 342 950 369 ut
969 343 1048 380 quo
1067 328 1239 381 grandius
1259 328 1547 367 instrumentum
1564 330 1885 370 demonstrationis

289 393 363 439 fiat,
400 405 447 430 co
470 389 510 428 sit
535 393 570 427 ὃ(
594 391 738 427 fidelius
763 391 799 425 ὃ(
823 386 1004 425 illustrius.
1064 387 1187 423 Etiam
1214 395 1383 436 putamus
1405 397 1475 421 nos
1498 387 1661 433 aliquem
1690 387 1885 425 modestiae

292 451 329 486 ὃ(
345 446 585 499 simplicitatis
605 445 767 481 fructum
790 445 979 492 percipere
994 441 1106 494 poffc,
1136 441 1238 488 quod
1254 452 1324 476 nec
1346 441 1423 477 vim
1440 452 1509 475 nec
1530 437 1674 476 infidias
1689 441 1888 479 hominurn

296 504 441 550 judiciis
470 500 625 537 fecimus
654 510 715 536 aut
745 500 975 550 paravimus:
1020 496 1079 533 sed
1109 507 1186 532 rem
1215 496 1354 532 nudam
1385 496 1419 531 ὃ(
1449 505 1613 543 apertam
1644 495 1886 534 exhibuimus

294 560 427 596 Nemo
443 557 546 592 enim
562 565 648 591 ante
662 566 744 599 nos,
773 553 947 590 homines
967 552 1009 589 ad
1033 552 1157 588 fontes
1177 561 1326 587 naturae
1342 552 1379 586 ὅ(
1395 562 1450 586 res
1472 549 1561 600 ipsas
1576 550 1832 598 adduxerunr,·
1848 563 1889 589 ut

296 615 337 651 in
362 612 529 649 medium
554 610 813 647 consulerent:
852 608 911 645 sed
931 607 1097 656 exempla
1118 608 1153 643 ὃς
1173 606 1437 657 experientiam
1462 605 1506 641 ad
1530 605 1715 642 dierorum
1740 605 1890 643 suorum

296 668 425 714 fidem,
461 677 541 702 non
571 666 613 702 ad
635 665 747 701 alicui
772 663 896 708 judicii
917 663 1126 699 libertatem
1154 661 1424 699 adhibuerunt3
1462 670 1502 696 ut
1524 660 1723 711 dupliciter
1748 663 1892 699 nos'de

299 723 470 760 humano
496 732 631 769 genere
657 720 811 755 meritos
840 717 1100 761 existimemus,
1137 717 1226 752 duas
1251 727 1306 751 res
1334 716 1494 750 maxime
1522 715 1744 751 mortalibus
1769 716 1894 753 charas

301 780 338 815 ὅ(
363 786 492 826 gratas,
529 774 747 823 potestatem
777 775 813 809 ὃ(
842 772 1052 808 libertatem
1079 769 1184 806 simul
1210 770 1436 806 deferentes:
1475 769 1693 818 potestatem
1723 772 1895 822 operum,

284 833 512 870 -libertatem
538 829 678 874 judicii.
734 826 795 863 Ac
820 828 935 863 veluti
960 828 999 862 in
1022 824 1164 869 judiciis
1188 825 1356 861 civilibus
1377 836 1417 860 ea
1439 826 1601 861 maxime
1622 826 1838 874 incorrupta
1858 829 1896 864 ὅ(

301 887 396 924 retia
419 885 513 929 sunt,
549 883 615 920 ubi
637 882 843 919 minimum
864 890 1059 917 oratorum
1083 877 1252 916 licentiae
1273 881 1309 915 ὅ(
1329 879 1459 925 turbis,
1496 889 1558 915 aut
1582 881 1695 915 etiam
1717 876 1895 929 eloquen-

301 942 374 977 tiae
400 937 619 976 conceditur
633 951 644 973 ·.
672 936 733 973 sed
753 937 879 972 omnis
899 935 976 972 fere
1000 947 1111 986 opera
1133 936 1169 971 ὅ(
1191 944 1338 983 tempus
1357 932 1504 970 testibus
1524 933 1768 972 consumitur.
1824 936 1897 972 Eo-

301 996 389 1032 dem
414 993 535 1030 modo
560 994 597 1030 &
621 992 667 1029 de
691 1001 824 1028 natura
849 990 983 1035 judicia
1009 1000 1226 1026 exercentur
1251 990 1407 1040 optima,
1444 1000 1529 1025 cum
1554 1000 1623 1024 nec
1646 990 1805 1038 pugnaci
1827 1003 1898 1027 nec

301 1049 488 1102 probabili
508 1048 673 1084 orationi
694 1056 755 1084 aut
771 1045 1013 1095 disputationi
1035 1046 1215 1081 maximae
1231 1054 1350 1095 partes
1373 1043 1601 1089 tribuuntur,
1631 1045 1689 1080 led
1711 1047 1898 1094 experien-

305 1106 379 1142 tiae
394 1102 616 1140 testimoniis
631 1101 864 1140 evidentibus
880 1103 915 1137 &
936 1101 1156 1137 coacervatis
1174 1111 1228 1135 res
1252 1098 1460 1135 conficitur.
1517 1099 1619 1135 Nam
1639 1101 1796 1136 certe-in
1817 1111 1898 1138 auc-

302 1169 433 1197 torum
462 1156 685 1195 testimoniis
719 1155 837 1194 libido
860 1158 896 1192 &
919 1155 1084 1192 stimulus
1107 1154 1289 1191 versatur:
1327 1165 1452 1190 rerum
1478 1164 1603 1190 autem
1627 1153 1838 1191 testimonia
1862 1157 1899 1192 ὃς

304 1211 491 1266 responsa,
528 1212 717 1250 interdum
749 1210 904 1248 obscura
924 1212 959 1247 ὅ(
983 1211 1162 1260 perplexa,
1202 1208 1263 1245 sed
1287 1208 1431 1259 semper
1461 1206 1598 1244 sincera
1627 1210 1901 1259 &incorrupta

306 1269 405 1306 sunt.
457 1268 621 1305 Liberati
644 1268 756 1303 etiam
777 1265 948 1302 videmur
969 1277 1111 1313 magno
1130 1265 1245 1304 malo,
1279 1275 1321 1300 ex
1347 1263 1550 1300 hominum
1573 1263 1718 1300 fassidio
1742 1266 1778 1301 ὃ(
1801 1277 1902 1315 prae·

307 1324 461 1371 judicio.
516 1323 648 1359 Solent
677 1323 780 1358 enim
805 1322 875 1358 viri
906 1321 1105 1370 prudentes
1133 1322 1170 1356 &
1194 1330 1320 1368 graves
1349 1320 1385 1355 ὅ(
1410 1319 1654 1364 cunctatore&
1693 1320 1902 1356 novitatem

307 1389 467 1416 omnem
494 1377 652 1419 levitatis
678 1379 714 1413 &
742 1377 914 1414 vanitatis
938 1376 1097 1412 nomine
1127 1373 1328 1422 suspectam
1360 1373 1515 1412 habere3
1545 1385 1658 1410 novas
1685 1384 1808 1410 autem
1831 1374 1899 1411 sec-

305 1443 360 1471 tas
388 1436 424 1470 &
452 1444 550 1470 nova
582 1433 716 1483 placita
744 1441 785 1468 ut
824 1431 938 1467 larvas
965 1433 1001 1467 δε
1029 1429 1176 1466 umbras
1205 1427 1406 1479 aspernari:
1447 1429 1583 1475 Neque
1608 1429 1712 1464 enim
1737 1428 1904 1467 multum

308 1487 478 1526 interess'e
493 1497 637 1536 putant,
666 1496 794 1523 utrum
816 1484 990 1521 homines
1005 1485 1044 1520 in
1065 1483 1221 1520 theoriis
1237 1482 1473 1519 consentiant
1494 1492 1556 1519 aut
1576 1482 1807 1525 diss'entiant3
1834 1483 1905 1521 'nisi

306 1543 410 1592 quod
435 1552 558 1578 vetera
579 1543 615 1577 ὅ(
638 1550 784 1589 recepta
807 1537 924 1588 magis
944 1537 1025 1585 sint,
1058 1539 1109 1575 ob
1132 1536 1355 1575 consensum
1379 1540 1415 1574 ὅ(
1438 1549 1574 1584 mores,
1603 1538 1710 1575 rebus
1729 1540 1903 1587 gerendis

307 1596 604 1635 accommodata.
659 1594 756 1632 Huic
778 1595 882 1631 malo
901 1606 983 1632 non
1011 1593 1111 1631 aliud
1141 1592 1351 1630 remedium
1375 1593 1635 1644 reperiebatur,
1672 1591 1740 1631 nisi
1762 1603 1802 1632 ut
1830 1606 1907 1631 am-

309 1652 496 1703 plitudine
515 1649 685 1699 exempli,
714 1651 756 1686 in
771 1649 868 1701 ipsos
888 1649 1089 1687 hominum
1107 1647 1228 1685 sensus
1248 1648 1297 1684 ita
1313 1649 1556 1694 incurramus,
1585 1658 1626 1685 ut
1642 1649 1766 1697 primo
1789 1648 1907 1700 aspec-

306 1718 362 1754 tu,
399 1707 518 1755 quivis
546 1706 747 1742 mediocris
775 1704 904 1750 judicii
932 1716 1012 1741 rem
1038 1703 1195 1740 solidam
1225 1704 1262 1739 ὅς
1290 1702 1451 1739 sobriam
1477 1702 1557 1749 ess'e,
1594 1713 1706 1751 atque
1731 1716 1843 1754 opera
1871 1707 1910 1743 ὃς

309 1763 513 1800 utilitatem
535 1760 761 1812 spirantem3
790 1762 827 1797 δ(
847 1772 866 1796 a
887 1771 1006 1796 novae
1026 1758 1171 1795 scholae
1186 1767 1248 1794 aut
1268 1769 1387 1795 novae
1408 1757 1520 1794 sectae
1540 1759 1684 1794 ratione
1700 1761 1737 1796 ὃς
1757 1758 1911 1798 consue-

315 1817 449 1855 tudine
469 1815 616 1866 prorsus
635 1816 807 1861 alienam,
835 1815 954 1852 statim
977 1812 1167 1866 perspiciat
1188 1814 1225 1849 ὃ(
1244 1811 1429 1862 agnoscat.
1485 1813 1680 1863 Speramus
1702 1815 1816 1851 etiam
1838 1814 1914 1854 hoe

309 1868 549 1923 potiffimum
570 1870 702 1916 modo,
729 1871 894 1918 antiquis
916 1871 953 1906 ὅ(
975 1870 1066 1915 aliis,
1095 1868 1159 1917 qui
1173 1869 1213 1904 in
1233 1866 1465 1919 philosophia
1488 1867 1629 1916 aliquid
1648 1869 1791 1918 opinati
1811 1869 1911 1917 sunt,

313 1927 575 1964 auctoritatem
598 1928 635 1963 ὅ(
657 1925 771 1962 fidem
787 1926 983 1976 abrogari:
1025 1923 1215 1961 honorem
1240 1924 1277 1959 ὅ(
1297 1924 1545 1961 reverentiam
1567 1923 1775 1962 conservari
1798 1924 1912 1974 posse,

314 1982 428 2030 idque
452 1993 533 2018 non
556 1980 716 2018 artificio
735 1980 924 2029 quodam
953 1978 1014 2016 sed
1035 1991 1077 2016 ex
1100 1979 1136 2017 vi
1161 1977 1234 2027 ipsa
1256 1979 1320 2014 rei.
1376 1976 1629 2015 Existimamus
1649 1979 1752 2016 enim
1777 1979 1913 2017 subitu-

314 2048 395 2073 ram
422 2037 570 2072 animos
598 2035 801 2072 hominum
830 2035 1116 2084 cogitationem,
1159 2045 1253 2071 num
1285 2035 1321 2069 ὅ(
1350 2033 1406 2069 illi
1434 2032 1649 2078 hujusmodi
1676 2034 1911 2083 diligentiam

313 2088 560 2137 adhibuerint,
597 2099 659 2127 aut
686 2091 819 2141 placita
845 2092 882 2127 &
910 2087 1108 2138 opiniones
1135 2088 1212 2124 suas
1237 2099 1257 2123 a
1285 2089 1350 2123 tali
1377 2087 1629 2125 fundamento
1659 2090 1912 2127 excitaverint.

315 2145 446 2194 Atque
467 2144 550 2181 sane
574 2144 649 2182 hoc
668 2145 826 2182 dubium
849 2145 959 2181 alicui
982 2143 1096 2181 videri
1117 2142 1302 2193 potuisset,
1339 2140 1364 2178 fi
1387 2144 1588 2192 opiniones
1608 2153 1914 2183 eorumtantum

316 2200 362 2237 ad
385 2212 456 2237 nos
470 2199 729 2251 pervenissent,
759 2199 894 2236 modus
913 2209 1039 2236 autem
1054 2195 1350 2246 inquisitionis&
1365 2195 1693 2234 demonstrationis
1708 2210 1789 2236 non
1808 2211 1915 2251 appa-

318 2255 453 2292 ruisset.
507 2256 612 2291 Tum
637 2255 741 2291 enim
767 2255 841 2291 tale
860 2255 1052 2304 quippiam
1077 2255 1117 2289 in
1132 2263 1300 2289 mentem
1325 2253 1435 2289 nobis
1449 2252 1598 2288 veniss'et
1622 2254 1800 2302 cogitare,
1828 2255 1915 2292 illos

314 2309 569 2361 proculdubio
594 2321 614 2346 a
632 2309 929 2346 meditationum
956 2308 1104 2345 suarum
1124 2309 1313 2357 principio
1333 2318 1508 2356 magnam
1527 2308 1603 2344 vim
1626 2309 1661 2344 ὃ(
1685 2309 1833 2357 copiam
1857 2322 1913 2346 ex-

316 2365 534 2416 emplorum
561 2363 747 2416 paravisse,
786 2375 944 2412 eamque
972 2361 1082 2400 simili
1111 2375 1190 2411 quo
1217 2375 1287 2399 nos
1315 2363 1461 2407 ordine,
1499 2362 1555 2398 vel
1581 2362 1728 2400 fortass'e
1757 2364 1917 2401 meliore

315 2418 540 2468 disposuisse.
598 2419 670 2456 Sed
697 2417 891 2467 postquam
906 2430 946 2455 re
969 2427 1174 2469 comperta,
1205 2418 1278 2453 illis
1300 2418 1543 2466 pronuntiare
1559 2416 1677 2454 visum
1698 2417 1802 2454 esset:
1830 2420 1913 2455 tum

315 2473 471 2510 demum
497 2475 741 2523 pronuntiata
764 2475 800 2511 ὃ(
825 2484 958 2510 corum
979 2474 1244 2522 explicationes
1267 2473 1302 2508 ὅ(
1317 2473 1572 2508 connexiones
1597 2473 1635 2508 in
1657 2471 1788 2522 scripta
1812 2473 1913 2510 rede-

315 2527 426 2577 giss‘e3
465 2529 595 2565 addito
618 2525 764 2577 sparsim
788 2540 868 2565 uno
889 2536 951 2564 aut
971 2529 1091 2564 altero
1116 2527 1289 2575 exemplo
1311 2526 1355 2562 ad
1380 2526 1543 2563 docendi
1568 2527 1718 2564 lumen:
1757 2526 1817 2563 sed
1841 2530 1912 2577 pri-

316 2582 468 2618 mordia
494 2584 556 2619 illa
584 2585 621 2620 δε
648 2592 768 2628 notas,
806 2594 847 2619 ac
872 2583 989 2619 veluti
1008 2582 1205 2620 codicillos
1234 2583 1271 2618 &
1295 2583 1590 2618 commentarios
1614 2581 1697 2618 suos
1723 2583 1763 2617 in
1791 2583 1914 2619 lucem

318 2636 441 2682 edere,
476 2639 513 2674 ὃς
539 2637 803 2686 supervacuum
827 2639 863 2674 ὅ(
893 2637 1092 2674 molestum
1115 2635 1272 2688 putasse:
1302 2637 1430 2683 Itaque
1454 2635 1573 2672 fcciffe
1594 2647 1634 2672 ut
1662 2638 1700 2673 in
1722 2636 1914 2674 aedifican-

315 2691 371 2728 do
400 2691 520 2728 facere
548 2692 676 2729 decet:
719 2704 808 2729 nam
836 2691 916 2740 post
943 2693 1066 2741 operis
1095 2688 1202 2743 ipsius
1230 2690 1467 2730 structurann
1507 2691 1696 2727 machinas
1725 2693 1762 2727 ὃς
1793 2690 1913 2737 scalaS,

317 2747 355 2782 ὃς
378 2744 591 2790 hujusmodi
615 2747 856 2783 instrumenta
879 2758 899 2782 a
927 2746 1127 2798 conspeEtu
1149 2746 1358 2783 amovenda
1381 2745 1461 2782 effe.
1516 2746 1660 2782 Verum
1684 2745 1774 2782 haec
1792 2745 1839 2782 de
1862 2747 1914 2795 ip-

322 2799 364 2836 fis
389 2802 567 2849 cogitare,
597 2801 707 2837 nobis
730 2813 794 2850 per
817 2800 914 2851 ipsos
934 2802 1125 2850 integrum
1149 2812 1229 2837 non
1250 2800 1319 2836 est:
1356 2800 1519 2838 formam
1543 2802 1645 2836 enim
1669 2802 1705 2837 ὅ(
1729 2802 1916 2837 rationem

321 2855 422 2891 suam
449 2854 676 2903 inquirendi,
718 2859 753 2892 ὃ(
782 2854 846 2907 ipsi
867 2855 1106 2905 profitentur,
1144 2857 1180 2892 ὃς
1209 2854 1338 2905 scripta
1363 2866 1496 2892 eorum
1526 2853 1690 2899 ejusdem
1716 2856 1915 2904 express'am

319 2910 523 2959 imaginem
545 2920 631 2959 prae
655 2908 690 2945 se
710 2910 845 2947 ferunt.
901 2911 952 2947 Ea
975 2922 1058 2947 nou
1080 2911 1150 2947 alia
1177 2909 1262 2956 fuit,
1298 2922 1411 2958 quarn
1434 2919 1475 2946 ut
1497 2908 1543 2944 ab
1567 2910 1745 2961 exemplis
1770 2910 1916 2958 quibus-

317 2964 418 3010 dam,
447 2964 582 3013 quibus
602 2962 724 3000 sensus
745 2966 952 3014 plurimum
968 2965 1177 3011 ass'ueverat,
1205 2965 1250 3002 ad
1273 2961 1530 3002 conclusiones
1544 2965 1705 3001 maxime
1729 2966 1919 3014 generales

319 3015 390 3055 five
405 3019 587 3070 principia
610 3017 847 3055 scientiarum
862 3020 1098 3056 advolarent:
1129 3020 1173 3056 acl
1189 3031 1353 3067 quorum
1374 3019 1575 3054 immotam
1589 3021 1798 3067 veritatem,
1826 3031 1917 3057 con-

320 3071 504 3110 clufiones
526 3073 721 3110 inferiores
743 3084 809 3121 per
834 3074 959 3110 media
973 3074 1203 3111 derivarent.
1259 3075 1313 3110 Ex
1339 3073 1474 3121 quibus
1494 3082 1572 3109 arte
1595 3073 1804 3120 constituta,
1831 3084 1916 3112 tum

321 3127 479 3165 demum
503 3126 527 3165 fi
543 3140 615 3178 qua
636 3125 887 3166 controverfia
901 3128 948 3164 de
969 3129 1099 3176 aliquo
1113 3128 1286 3177 exemplo
1310 3137 1414 3164 mota
1429 3127 1527 3172 effer,
1556 3128 1659 3175 quod
1684 3129 1829 3180 placitis
1847 3128 1918 3165 suis

1744 3183 1916 3232 refragari

1894 3251 1915 3289 5
