1973 3570
178 251 225 296 D
246 241 692 296 ESCRIPTIO
730 246 952 293 GLOBI
996 245 1671 297 INTELLECTUAL.

81 369 140 393 ma
161 352 429 408 philosophiae.
490 349 757 390 Nobilissimus
772 363 897 389 autem
927 352 1012 390 finis
1029 352 1197 391 historiae
1226 367 1249 391 n
1254 353 1450 392 itura1151s
1467 353 1536 396 cst3
1579 367 1620 393 ut
1636 355 1677 395 fit

80 412 305 448 induciionis
321 421 426 447 verae
439 409 543 450 &lec
520 406 671 456 gitimac
688 407 848 455 supellex
856 417 973 467 'atque
990 407 1025 456 ί)
1031 410 1116 445 iva·
1103 426 1116 451 ‚-
1152 420 1263 458 atquc
1285 410 1366 446 litis
1383 410 1501 446 trahat
1517 411 1674 448 exsensu

80 467 123 503 ad
141 465 398 502 instruendum
415 462 660 499 iiitcllceium.
718 462 783 498 Illa
804 461 906 498 enim
922 464 1031 499 alteri
1035 467 1150 514 ,quac
1162 475 1223 501 aut
1241 462 1493 501 narrationem
1509 465 1674 509 jucnndi-

79 531 154 558 tate
168 521 338 565 delectat,
355 528 417 555 aut
430 516 773 565 experimentorum
790 516 855 553 usu
877 517 987 562 juvat,
1017 528 1127 565 atque
1157 519 1369 559 huiusmodi
1386 521 1585 568 voluptatis
1614 531 1675 558 aut

80 576 220 613 studius
239 576 353 623 gratia
372 571 530 621 quaesita
545 571 592 607 est
609 585 618 611 3
662 570 846 607 infei·i0ris
867 572 1160 623 profectonotae
1176 574 1234 618 cst,
1258 576 1291 610 ὃ(
1309 585 1445 622 genere
1461 573 1539 624 ipso
1551 576 1675 622 vilior,

80 642 165 682 prae
180 642 232 676 ea,
253 629 356 672 cujus
386 640 427 664 ca
455 627 502 663 cst
517 626 566 665 ‚vis
587 628 623 662 ὃς
652 627 819 673 qualitas,
842 637 882 663 ut
910 628 1058 678 propria
1085 625 1126 664 sit
1152 627 1342 678 paresceve
1370 629 1413 665 ad
1436 630 1675 667 condendam

79 683 366 734 philosophiam.
422 684 522 719 Haec
543 679 644 717 enim
671 681 827 716 demum
861 693 902 717 ea
931 681 980 718 est
1009 679 1158 719 historia
1184 682 1368 730 naturalis,
1393 696 1486 731 quac
1516 697 1622 721 verae
1639 687 1676 722 ὃς

80 740 216 777 activae
232 737 485 790 philosophiae
511 735 623 772 solida
645 737 681 771 ὃ(
704 746 853 772 aeterna
875 735 961 772 basis
983 737 1241 778 constituit-um
1271 751 1438 786 quaeque
1463 738 1597 776 lumini
1613 753 1675 776 na-

79 806 187 841 turae
199 806 294 843 puro
311 796 346 830 &
362 793 522 829 minime
537 790 763 840 phantastico
783 793 947 839 primam
976 792 1234 829 accensionem
1264 794 1436 844 praeben
1465 795 1567 839 cujus
1583 807 1675 842 quo-

80 861 154 897 que
171 850 360 898 neglectus
376 850 411 884 δε
427 848 556 896 genius
571 858 651 882 non
668 846 839 894 placatus,
857 845 949 883 acics
970 845 1046 884 illas
1062 849 1245 885 larvarum
1274 860 1316 884 ac
1330 849 1445 886 veluti
1464 861 1575 897 regna
1596 862 1676 887 um-

80 906 243 950 brarum,
273 915 366 952 quae
383 904 420 939 in
433 900 679 950 philosophiis
694 901 850 938 volitare
867 912 1084 948 cernuntur,
1111 915 1198 939 cum
1216 905 1374 940 maxima
1406 906 1441 940 δε
1463 904 1677 942 calamitosa

81 971 240 1008 operum
256 957 441 995 sterilitate
463 955 569 993 nobis
588 952 749 1006 pessimo
766 955 845 992 fato
865 955 1025 993 immisit.
1084 954 1330 995 Affirmamus
1344 969 1483 1005 autem,
1516 961 1549 995 δ(
1567 961 1676 1010 plane

81 1015 266 1059 testamur,
283 1012 472 1050 historiam
490 1010 845 1061 natur-ialcn‚qua1is
874 1014 913 1048 in
944 1013 1078 1048 ordine
1099 1012 1167 1049 elle
1196 1013 1327 1050 debeat
1353 1014 1397 1050 ad
1420 1012 1525 1050 isium
1546 1013 1676 1060 finem,

80 1081 162 1106 non
183 1068 321 1114 haberi,
340 1068 399 1104 led
415 1065 618 1111 desiderati,
639 1076 750 1114 atque
778 1067 876 1102 inter
905 1065 1032 1103 omissa
1055 1066 1147 1117 poni
1179 1078 1366 1116 oportere
1423 1071 1560 1118 Neque
1583 1082 1676 1106 vero

80 1122 198 1160 aciem
215 1122 349 1160 mentis
363 1123 515 1166 alicujus
527 1119 704 1171 perstring³
691 1131 769 1156 *ant
785 1131 847 1156 aut
865 1133 999 1170 magna
1015 1120 1255 1172 antiquorum
1268 1124 1438 1169 nomina,
1463 1134 1524 1160 aut
1540 1137 1675 1173 magna

82 1190 275 1217 novorum
290 1179 498 1223 volumina,
513 1185 575 1212 aut
591 1176 780 1222 querelam
796 1174 897 1212 istam
912 1176 1074 1212 nostram
1090 1178 1216 1213 minus
1231 1177 1357 1221 justam
1375 1180 1526 1227 cogitet.
1587 1179 1677 1216 Satis

35 1249 38 1251 >
82 1232 184 1270 enim
201 1232 336 1269 scimus
350 1232 476 1269 haberi
491 1229 676 1267 historiam
698 1231 920 1275 naturalem,
938 1231 1042 1267 mole
1056 1232 1234 1282 amplam,
1259 1233 1433 1269 varietate
1451 1243 1607 1282 gratam,
1625 1233 1676 1269 di<

81 1289 259 1338 ligentius
275 1286 412 1335 saepius
428 1285 624 1322 curiosam.
681 1283 866 1321 Attamen
887 1283 912 1321 si
932 1287 1014 1336 quis
1040 1298 1082 1322 ex
1107 1297 1148 1322 ea
1176 1286 1314 1323 fabulas
1339 1289 1375 1323 ἃ
1401 1289 1678 1337 antiquitatem,

81 1353 194 1392 atque
214 1342 418 1379 authorum
436 1339 631 1376 citationes
646 1341 682 1376 ὅ(
699 1338 978 1389 suffragationes
994 1355 1003 1381 ς
1035 1342 1116 1377 lites
1145 1339 1236 1377 item
1266 1343 1393 1377 inanes
1412 1345 1448 1379 ἃ
1462 1353 1680 1380 controver-

81 1397 158 1444 fias,
169 1396 416 1447 philologiam
430 1396 590 1446 denique
608 1397 643 1431 &
659 1405 882 1431 ornamenta
900 1397 1049 1443 eximat,
1067 1397 1175 1444 (quae
1191 1396 1234 1432 ad
1250 1395 1459 1433 convivales
1475 1397 1677 1444 sermoneS,

82 1451 359 1500 hominumque
379 1451 582 1487 doctorum
610 1449 739 1486 noctes
755 1448 889 1498 potiuS‚
910 1463 1022 1501 quam
1053 1451 1098 1487 ad
1115 1451 1379 1488 instituendam
1401 1452 1679 1501 philosophiam

83 1508 169 1546 sunt
183 1506 467 1544 accommodata
483 1503 519 1554 3)
551 1504 720 1554 profecto
734 1505 778 1541 ad
799 1503 893 1541 nihil
909 1507 1037 1555 magni
1062 1518 1117 1542 res
1142 1506 1290 1543 recidat.
1347 1508 1475 1555 Itaque
1490 1507 1678 1544 thesaurus

83 1563 238 1612 quidam
253 1564 379 1611 potius
393 1561 438 1598 ad
455 1561 713 1608 eloquentiam
729 1571 749 1595 a
769 1560 974 1606 nonnullis,
1005 1572 1118 1611 quam
1148 1560 1264 1597 solida
1292 1563 1327 1596 ὅ(
1351 1560 1422 1598 fida
1443 1573 1569 1599 rerum
1598 1575 1679 1598 nar—

85 1616 178 1655 ratio
194 1618 321 1666 quaeri
342 1619 376 1652 &
393 1617 509 1667 parari
524 1615 679 1651 videtur.
736 1615 939 1662 Praeterea,
958 1627 1038 1652 non
1053 1616 1219 1652 multum
1235 1616 1279 1652 ad
1295 1626 1376 1651 rem
1396 1616 1517 1663 faciat,
1533 1629 1681 1654 memo-

85 1685 167 1711 rare
187 1681 249 1710 aut
264 1672 365 1708 nosse
380 1671 532 1731 florum,
549 1668 662 1715 iridis,
678 1679 740 1706 aut
763 1671 912 1721 tulipae‚
947 1681 1009 1708 aut
1039 1672 1150 1707 etiam
1180 1670 1422 1717 concharum,
1449 1682 1510 1708 aut
1529 1683 1679 1718 canum,

85 1738 149 1765 aut
163 1725 376 1776 accipitrum
393 1724 540 1762 eximias
556 1723 754 1761 varietates.
811 1726 910 1761 Hace
939 1725 1040 1762 enim
1065 1728 1101 1762 ὃς
1130 1725 1345 1770 hujusmodi
1374 1724 1427 1762 nil
1455 1725 1553 1763 aliud
1583 1725 1679 1773 sunt,

84 1795 200 1834 quam
217 1791 368 1819 naturae
383 1780 481 1818 lusus
500 1779 652 1831 quidam
681 1782 717 1816 ὅ(
740 1778 906 1816 laicivia·
897 1805 906 1821 ‚
926 1783 986 1817 ·&
1001 1792 1118 1830 prope
1143 1781 1187 1816 ad
1207 1779 1488 1817 individuorum
1509 1791 1681 1817 natuiam

85 1838 279 1875 accedunt.
335 1837 461 1884 Itaque
481 1835 617 1872 habent
632 1836 896 1884 cognitionem
913 1834 950 1871 in
966 1836 1073 1872 rebus
1089 1833 1167 1886 ipsis
1182 1833 1416 1884 exquisitam,
1443 1834 1681 1873 informatio-

88 1904 179 1929 nem
199 1903 291 1929 vero
306 1892 351 1928 ad
367 1891 533 1927 scientias
552 1900 707 1926 tenuem
732 1892 767 1926 ἃ
782 1890 856 1926 fere
874 1890 1144 1939 lupervacuam.
1200 1890 1329 1940 Atque
1347 1890 1435 1927 haec
1450 1890 1534 1927 sunt
1552 1901 1681 1928 tamen

88 1946 162 1992 illa,
179 1949 218 1983 in
233 1946 366 1994 quibus
382 1943 554 1982 naturalis
575 1943 719 1981 historia
735 1943 892 1993 vulgaris
916 1945 950 1981 se
975 1945 1091 1991 jaciat.
1150 1945 1250 1982 Cum
1265 1955 1390 1981 autern
1406 1945 1682 1994 degeneraverit

88 2001 238 2040 historia
253 2000 428 2038 naturalis
444 2001 487 2037 ad
504 1998 631 2044 aliena,
650 2001 685 2035 δ(
702 1998 820 2036 rursus
836 1999 1012 2037 luxuriata
1028 1998 1068 2036 sit
1084 1999 1121 2036 in
1136 1999 1326 2048 superfluis
1337 2017 1350 2041 ‚-
1373 2010 1499 2037 tamen
1515 2012 1534 2036 e
1551 2012 1683 2037 contra

89 2069 248 2106 magnae
266 2055 394 2106 utique
416 2058 453 2093 ὅ(
486 2055 623 2092 solidae
643 2053 808 2099 ejusdem
833 2066 952 2106 partes
979 2066 1042 2091 aut
1062 2054 1208 2106 prorsus
1228 2053 1491 2106 praetermissae
1512 2054 1596 2091 sunt
1620 2067 1682 2092 aut

91 2113 323 2161 negligenter
343 2113 380 2147 &
407 2111 538 2148 leviter
558 2109 728 2146 tractatae
746 2123 754 2145 z
785 2109 973 2149 Universa
988 2122 1078 2146 vero
1103 2108 1342 2156 inquisitione
1364 2108 1425 2145 sua
1444 2111 1479 2145 ὅ(
1495 2112 1683 2158 congerie,

91 2168 203 2205 nullo
218 2166 340 2204 modo
354 2166 399 2201 ad
414 2177 516 2211 eum,
542 2176 655 2213 quem
671 2162 841 2211 diximus,
856 2165 973 2201 finem
995 2164 1233 2214 (condendae
1249 2163 1383 2200 scilicet
1406 2163 1680 2214 philosophiae)

93 2232 215 2271 aptata
229 2223 265 2258 ὅ(
280 2219 489 2269 qualificata
502 2220 696 2271 reperitur.
753 2219 793 2255 Id
812 2221 852 2255 in
873 2218 1051 2256 membris
1066 2217 1173 2268 ipsius
1188 2221 1331 2269 optimc
1345 2217 1542 2267 apparebit,
1571 2229 1683 2268 atque

94 2290 138 2314 ex
151 2274 430 2327 comparatione
444 2276 521 2320 ejus
536 2273 714 2319 historiae,
730 2275 833 2317 cujus
849 2272 1111 2325 descriptiones
1133 2273 1352 2312 hominibus
1380 2273 1447 2310 sub
1465 2273 1594 2311 oculos
1609 2276 1685 2322 jam

91 2341 360 2384 proponemu8‚
383 2330 428 2367 ad
444 2342 526 2368 eam
544 2340 637 2378 quae
652 2328 820 2366 habetur.

153 2868 270 2910 Voz„
299 2868 344 2906 11.
808 2868 884 2905 Oo
911 2877 935 2902 2
1516 2862 1552 2900 C
1581 2861 1618 2900 A
1648 2862 1689 2901 P,

1749 261 1842 313 291
