1973 3570
84 202 187 271 398
367 198 824 251 DESCRIPTIO
878 196 1105 249 GLOBI
1165 197 1782 249 INTELLECTUAL.:

259 305 356 345 dum
381 308 478 345 circa
504 308 684 357 galaxiam
717 305 937 348 crebrioress
974 315 1022 344 ut'
1050 307 1141 345 alter
1171 306 1275 344 locus
1296 307 1550 345 *continenter
1578 307 1793 346 luminosus.
1820 307 1879 356 vig·

262 363 407 409 deatur,
436 363 528 399 alter
554 362 762 400 umbrosus.
818 363 940 411 Magis
964 363 1069 399 enim
1091 363 1285 399 committi
1307 361 1481 399 videntur
1507 365 1612 412 ignes
1636 363 1810 400 coelestes
1832 365 1877 403 in:-

260 418 468 455 <antarctico
492 417 800 469 haemisphaerio,
830 429 943 465 quam
966 419 1007 454 in
1026 417 1172 457 nostro3
1201 417 1362 461 majores
1390 415 1571 464 siquidem
1590 417 1706 454 stellas
1728 418 1874 467 habeat,

267 472 330 510 sed
353 474 544 522 pauciores
570 471 607 508 &
634 471 747 523 spatia
766 471 1018 509 interstellaria
1041 473 1194 517 majora.
1250 473 1396 509 Verum
1411 471 1485 521 ipsa
1508 473 1666 514 traditio
1683 473 1729 509 de
1752 485 1891 512 macu-.

268 527 315 564 lis
328 528 402 564 illis
428 539 510 564 non
537 528 745 564 admodum
768 527 840 564 fida
863 527 923 574 est,
954 526 1083 564 saltem
1103 539 1185 563 non
1213 537 1292 563 tam
1318 539 1454 576 magna
1477 527 1574 563 circa
1597 539 1680 563 eam
1709 527 1876 567 observa-

268 584 417 619 tionem
437 582 602 619 adhibita
616 582 664 619 est
679 581 884 631 diligentia,
914 593 955 619 ut
970 581 1259 630 consequentiae
1282 582 1371 618 inde
1386 581 1520 618 deduci
1549 582 1670 619 adhuc
1696 582 1875 623 debeanta

270 638 368 674 Illud
392 638 509 686 magis
528 639 664 687 premit
686 635 968 684 inquisitionem
992 636 1236 688 praesentem,
1266 636 1369 684 quod
1390 632 1531 686 possint
1552 636 1621 672 ess'e
1635 637 1757 685 plures
1772 638 1881 686 globi·

272 693 381 741 opaci
399 703 464 741 per
487 692 633 729 aethera
657 690 775 742 sparsi,
804 693 869 739 qui
887 691 1051 728 omnino
1074 704 1155 728 non
1180 701 1397 728 cernuntur.
1456 693 1558 729 Nam
1575 692 1716 728 &luna
1741 692 1823 741 ipsa.
1835 694 1879 730 in-

273 748 405 797 primis
428 747 583 792 ortibus,
612 757 794 794 quatenus
819 747 1018 783 illustratur
1044 759 1063 782 a
1087 745 1176 792 sole,
1206 746 1327 783 visum
1344 746 1427 783 sane
1448 746 1546 788 ferit,
1576 758 1697 783 cornu
1720 747 1881 786 &labro

274 802 345 838 illo
369 802 474 838 tenui
498 802 627 837 circuli
651 802 794 846 extimi,
832 802 871 837 in
900 801 1094 849 profundo
1122 811 1249 837 autem
1273 802 1445 845 minime,
1478 801 1537 837 sed
1561 802 1727 837 cernitur
1747 802 1879 839 eadem

274 854 298 891 s
316 855 393 892 ecie
408 864 587 902 tanquam
603 856 766 903 reliquus
789 855 934 892 aether:
964 858 1001 892 &
1013 854 1176 892 stellulae
1186 854 1270 892 illae
1299 857 1474 892 erraticae
1490 854 1584 892 eirea
1599 853 1748 905 Jovem
1762 869 1782 892 a
1798 855 1884 901 Gal-⁷

291 907 387 947 daeo
418 907 456 955 (ss
470 909 560 946 fides
574 908 730 956 constet)
761 919 939 958 repertae,
969 920 1195 959 merguntur
1215 910 1261 946 ad
1277 909 1401 948 visum
1416 909 1582 946 nostrum
1603 912 1643 947 in
1659 913 1793 959 pelago
1806 913 1885 958 inq

272 965 442 1010 aetheris,
472 974 649 1012 tanquam
666 964 806 1001 insulae
827 967 996 1002 minores
1012 967 1049 1002 δε
1075 977 1157 1002 non
1186 964 1425 1014 conspicuam
1452 963 1621 1002 {imiliter
1648 968 1684 1002 ὃς
1700 967 1784 1002 illae
1800 965 1880 1003 stel-

273 1019 382 1065 lulae,
412 1030 571 1067 quarum
591 1020 820 1068 glomeratio
840 1019 964 1057 effecit
978 1021 1172 1069 galaxiam,
1199 1018 1227 1056 fi
1246 1017 1408 1069 singulae
1430 1017 1589 1069 sparsim,
1617 1032 1699 1056 non
1721 1032 1887 1070 congre,

272 1083 380 1123 gatae
402 1073 621 1121 confertim,
651 1075 856 1111 collocatae
871 1074 997 1121 essent,
1025 1075 1174 1125 prorsus
1189 1074 1431 1124 conspeetum
1459 1074 1629 1111 nostrum
1651 1074 1883 1124 effugerent3

272 1129 598 1177 quemadmodum
627 1132 664 1167 ὅ(
692 1130 906 1178 complures
933 1130 1035 1177 aliae,
1066 1142 1161 1178 quae
1188 1130 1362 1167 noctibus
1394 1129 1541 1176 serenis,
1570 1128 1784 1179 praesertim
1810 1142 1880 1181 per

275 1183 469 1232 hyemem,
498 1186 657 1225 micant3
700 1186 814 1221 etiam
838 1185 1039 1222 nebulosae
1060 1187 1157 1232 illae,
1192 1185 1313 1222 stellae
1340 1183 1412 1222 five
1439 1184 1627 1221 foramina
1640 1185 1686 1221 ad
1714 1186 1886 1236 praesepe

276 1238 352 1284 jam
371 1237 561 1276 distinctae
580 1251 645 1289 per
672 1238 820 1290 specilla
844 1251 1110 1281 numerantur3
1152 1241 1244 1288 quin
1273 1252 1338 1289 per
1366 1239 1496 1276 eadem
1526 1238 1674 1288 specilla
1701 1241 1742 1276 in
1774 1240 1884 1284 fonte

275 1294 370 1331 lucis
398 1295 574 1332 omnium
606 1290 806 1346 puriffimo
842 1294 977 1341 (solem
1004 1294 1179 1345 dicimus)
1209 1296 1491 1332 macularum&
1508 1296 1628 1345 opaci,
1659 1296 1882 1344 &inaequa-

277 1347 391 1386 litatis
413 1348 604 1398 lerupulus
625 1350 833 1387 nonnullus
858 1351 1024 1396 objeOcus
1047 1350 1116 1387 ess'e
1133 1350 1292 1388 videtur.
1349 1349 1463 1400 Quod
1484 1347 1510 1385 fi
1533 1348 1625 1386 nihil
1641 1350 1753 1396 aliud,
1783 1362 1885 1393 certe

278 1404 447 1452 gradatio
471 1403 546 1455 ipsa
568 1407 667 1442 inter
690 1403 778 1441 astra
802 1405 970 1442 coelestia
998 1405 1287 1453 quoadelucem,
1315 1415 1337 1440 a
1363 1400 1570 1440 clarissimis
1597 1403 1823 1442 descendens
1845 1408 1884 1444 &

276 1460 494 1508 pertingens
517 1459 562 1496 ad
589 1459 746 1497 obseura
766 1461 805 1496 ὃς
832 1460 1046 1509 caliginosa,
1075 1471 1122 1496 eo
1152 1471 1234 1496 rem
1253 1459 1417 1504 deducit,
1446 1468 1488 1496 ut
1512 1458 1626 1496 fidem
1655 1459 1764 1497 saciat
1783 1462 1884 1510 posse

277 1512 348 1550 effe
369 1516 406 1550 ὅ(
419 1513 555 1562 globos
570 1516 737 1551 omnino
763 1525 912 1563 opacos.
971 1515 1105 1551 Minor
1134 1516 1237 1551 enim
1252 1514 1386 1563 gradus
1408 1513 1477 1550 eli'e
1499 1514 1646 1551 videtur
1661 1526 1680 1550 a
1702 1513 1802 1552 stella
1820 1528 1885 1553 ne?

279 1567 410 1609 bulosa
423 1568 468 1605 acl
484 1580 658 1620 opaeum,
687 1580 801 1617 quam
821 1581 840 1605 a
855 1569 954 1606 stella
982 1565 1180 1606 clarissima
1205 1569 1251 1605 ad
1274 1568 1506 1606 nebulosam.
1562 1568 1743 1618 Aspectus
1757 1581 1883 1608 autem

278 1623 402 1660 noster
417 1624 526 1673 plane
543 1624 682 1661 fallitur
702 1626 739 1661 ὅ(
762 1624 1089 1662 circumscribitur.
1146 1623 1336 1676 Quicquid
1359 1624 1462 1660 enim
1492 1623 1672 1673 spargitur
1691 1625 1732 1660 in
1756 1626 1880 1673 coelo,

282 1690 405 1729 neque
439 1679 550 1716 habet
579 1678 883 1728 magnitudinem
910 1678 1106 1729 insignem,
1143 1689 1253 1728 atque
1282 1680 1395 1715 etiam
1416 1680 1539 1716 lucem
1567 1679 1729 1716 vividam
1746 1683 1781 1717 δε
1808 1680 1885 1718 for-

280 1744 372 1780 tem,
401 1736 505 1781 latet,
534 1747 604 1771 nee
627 1735 761 1771 faeiem
785 1734 882 1771 coeli
906 1744 1039 1771 mutat.
1094 1736 1231 1782 Neque
1259 1746 1350 1770 vero
1379 1735 1543 1782 imperiti
1565 1733 1781 1782 cujusquam
1799 1737 1886 1772 -ani-

281 1800 388 1825 mum
405 1790 593 1839 percellat,
622 1788 646 1826 si
674 1791 715 1825 in
744 1789 901 1826 dubium
939 1791 1063 1827 veniat
1094 1799 1222 1826 utrum
1242 1789 1347 1837 globi
1364 1800 1405 1825 ex
1421 1789 1575 1824 materia
1591 1790 1780 1837 eompaCta
1795 1803 1885 1840 pen-

276 1843 361 1881 siles
383 1843 452 1882 sisti
469 1841 623 1894 poilint.
680 1846 783 1881 Nam
806 1846 843 1881 ὃ(
870 1854 967 1881 terra
990 1843 1063 1894 ipsa
1086 1845 1126 1881 in
1155 1843 1285 1880 medio
1313 1845 1417 1889 aeris,
1448 1845 1500 1879 rei
1530 1840 1784 1891 molliflimae‚
1813 1847 1882 1882 cir„-

282 1897 450 1946 eumfusi,
480 1897 625 1948 pensilis
653 1908 771 1936 natat:
802 1901 838 1936 &
860 1911 1017 1949 magnae
1044 1900 1205 1937 nubium
1234 1897 1456 1947 aquosarum
1486 1900 1606 1934 moles
1632 1901 1667 1936 ὅ(
1690 1901 1884 1948 grandinis

281 1951 477 2003 congeries
505 1954 658 1991 haerent
685 1955 724 1990 in
741 1955 958 2002 regionibus
986 1953 1086 2001 a'e'ris,
1116 1956 1152 1991 ὅ(
1181 1954 1269 1990 inde
1298 1955 1416 2002 magis
1441 1953 1666 1995 dejiciuntur
1687 1967 1802 2003 quam
1824 1955 1885 1993 de—

280 2009 475 2055 scendunt,
504 2019 705 2057 antequam
715 2019 833 2046 terrae
852 2010 1084 2047 vicinitatem
1100 2006 1376 2059 pei-sentiscant.
1433 2009 1559 2056 ltaque
1570 2010 1714 2057 optime
1738 2012 1883 2049 notavit

282 2061 494 2111 Gilbertus,
523 2076 682 2115 corpora
701 2066 824 2112 gravia
845 2063 924 2113 post
939 2066 1094 2113 longam
1117 2076 1136 2100 a
1156 2074 1253 2101 terra
1274 2063 1483 2100 distantiam
1507 2074 1656 2100 motum
1683 2064 1805 2102 versus
1827 2066 1882 2103 in-

280 2120 419 2156 feriora
442 2120 620 2169 paulatim
643 2131 788 2165 exuere,
818 2129 949 2168 utpote
973 2121 1036 2167 qui
1064 2131 1083 2156 a
1106 2119 1214 2156 nullo
1237 2119 1313 2155 alio
1337 2130 1542 2167 corporum
1564 2118 1738 2168 appetitu,
1769 2132 1883 2168 quam

283 2173 352 2212 illo
375 2174 537 2212 coeundi
559 2177 595 2211 <Se
619 2174 654 2210 se
684 2174 939 2223 congregandi
966 2174 1011 2210 ad
1033 2184 1171 2211 terram
1203 2174 1309 2221 (quae
1339 2173 1387 2210 est
1406 2185 1610 2222 corporum
1638 2185 1726 2210 cum
1751 2174 1883 2213 iildem

279 2230 586 2268 connaturalium
602 2229 724 2276 malla)
755 2238 883 2265 ortum
911 2228 1033 2275 habet,
1062 2239 1172 2277 atque
1196 2230 1293 2265 intra
1319 2229 1454 2265 orbem
1476 2229 1622 2265 virtutis
1646 2227 1727 2266 suae
1755 2232 1883 2267 termi-

281 2295 406 2322 natur.
459 2286 563 2321 Nam
589 2284 693 2332 quod
722 2283 767 2320 de
784 2294 894 2320 motu
909 2284 954 2319 ad
977 2294 1096 2320 terrae
1112 2293 1283 2320 centrum
1309 2283 1482 2328 ass'eritur,
1513 2282 1597 2319 ess'et
1622 2284 1791 2332 proseeio
1813 2286 1882 2325 vir-

281 2339 433 2377 tuosum
449 2351 566 2389 genus
586 2339 708 2384 nihili,
739 2339 841 2386 quod
869 2348 972 2375 tanta
998 2339 1044 2375 ad
1072 2338 1109 2375 se
1131 2349 1291 2387 raperet3
1319 2350 1441 2385 neque
1457 2349 1590 2386 corpus
1605 2336 1673 2374 nist
1688 2350 1706 2374 a
1722 2351 1883 2390 corpore

282 2394 428 2444 patitur.
484 2397 611 2442 Itaque
627 2393 789 2442 quaestio
814 2393 874 2430 ista
895 2394 941 2430 de
964 2392 1084 2443 globis
1103 2395 1274 2442 opacis&
1290 2392 1426 2439 solidis,
1455 2394 1541 2429 lieet
1562 2405 1661 2429 nova
1686 2396 1722 2430 ὃ(
1737 2395 1781 2431 ad
1805 2397 1884 2444 opi-

282 2451 417 2486 niones
431 2451 599 2498 vulgares
622 2448 750 2486 durior
771 2447 984 2497 recipiatur3
1012 2458 1122 2496 atque
1146 2460 1219 2485 una
1233 2448 1483 2496 conjungatur
1499 2446 1662 2495 quaestio
1683 2446 1743 2485 illa
1764 2460 1882 2496 vetus,

282 2516 354 2540 nee
381 2514 509 2541 tamen
528 2503 659 2550 decisa,
688 2515 783 2551 quae
798 2515 839 2539 ex
857 2503 954 2539 astris
978 2504 1100 2540 lucem
1122 2512 1301 2554 promant
1324 2503 1566 2551 primitivam,
1596 2513 1706 2551 atque
1731 2516 1772 2540 ex
1796 2504 1883 2550 sese,

284 2562 322 2596 ὃ(
338 2571 432 2606 quae
455 2558 577 2596 rursus
604 2571 646 2595 ex
671 2558 914 2595 illustratione
937 2557 1034 2604 solis,
1064 2569 1222 2606 quarum
1246 2559 1359 2594 altera
1375 2556 1694 2595 consubstantialia
1709 2559 1884 2597 videntur

283 2613 364 2659 soli,
390 2614 504 2650 altera
524 2616 644 2650 lunae.
701 2614 878 2661 Denique
901 2625 1058 2649 omnem
1078 2610 1358 2660 inquisitionem
1373 2612 1419 2649 de
1443 2610 1646 2650 diversitate
1670 2611 1882 2651 substantiae

283 2668 465 2706 astrorum
498 2668 543 2704 ad
572 2670 747 2715 invicem,
777 2679 870 2715 quae
896 2667 1096 2705 multifaria
1119 2667 1276 2712 videtur,
1312 2679 1400 2704 cum
1424 2668 1494 2704 alia
1516 2665 1635 2713 rutila,
1664 2668 1733 2704 alia
1761 2670 1881 2719 plum-

285 2724 364 2770 bea,
393 2724 462 2759 alia
482 2723 648 2769 candida,
678 2724 748 2760 alia
770 2722 972 2773 splendida,
1001 2724 1070 2759 alia
1097 2722 1276 2759 nebulosa
1297 2720 1493 2759 manifesto
1516 2724 1552 2758 δε
1576 2722 1784 2759 constanter
1805 2735 1880 2761 cer-

281 2789 432 2823 nantur,
462 2777 506 2813 ad
522 2776 715 2825 septimam
726 2775 979 2825 quaestionem
994 2776 1239 2826 intelligimus
1255 2777 1395 2813 referri.
1452 2777 1583 2812 Altera
1592 2775 1754 2823 quaestio
1769 2790 1809 2814 ea
1820 2779 1880 2826 est,

281 2847 328 2871 an
357 2833 444 2870 astra
458 2829 527 2868 sint
541 2833 616 2867 veri
634 2834 754 2879 ignes;
783 2843 877 2881 quae
898 2843 1026 2868 tamen
1042 2830 1205 2880 quaestio
1230 2830 1408 2868 deliderat
1422 2831 1660 2879 prudentiam
1690 2833 1877 2878 quandam

281 2886 540 2937 intelligendi.·
585 2886 704 2922 Aliud
733 2888 779 2923 est
790 2888 893 2923 enim
908 2886 1041 2933 dicere,
1070 2887 1158 2924 astra
1173 2886 1241 2923 effe
1261 2898 1370 2923 veros
1384 2887 1505 2934 ignes÷
1534 2885 1646 2930 aliud,
1678 2887 1765 2935 astra
1794 2886 1878 2935 (fint

281 2945 368 2981 licet
382 2944 459 2981 veri
475 2941 592 2990 ignes)
623 2941 769 2978 cunetas
789 2952 956 2978 exercere
975 2941 1068 2979 vires
1084 2951 1194 2989 atque
1210 2941 1355 2978 easdem
1371 2941 1477 2976 cdere
1494 2940 1656 2976 aeliones
1671 2953 1759 2988 quas
1780 2943 1878 2992 ignis

280 2997 507 3036 eommunis.
564 2997 700 3042 Neque
729 3000 933 3044 proptefea.
954 2997 998 3033 ad
1012 2998 1140 3046 ignem
1163 2997 1328 3044 aliquem
1348 2995 1585 3031 notionalem
1602 3006 1663 3032 aut
1688 2997 1878 3047 phantasti·

280 3065 368 3090 cum
384 3050 659 3090 deveniendum
670 3047 730 3095 est,
758 3052 976 3097 quinomen
988 3051 1085 3099 ignis
1098 3053 1266 3097 retineat,
1296 3052 1539 3099 proprietates
1551 3050 1720 3099 abneget.
1776 3051 1879 3090 Nam

280 3111 317 3145 ὅ(
345 3107 466 3153 noster
492 3106 588 3156 ignis
614 3101 640 3142 fi
665 3104 707 3141 in
722 3105 785 3142 tali
815 3115 971 3153 quanto,
1000 3107 1111 3153 quale
1128 3106 1175 3143 est
1192 3115 1374 3153 qnantum
1405 3104 1496 3151 ruli-i,
1529 3107 1565 3147 in
1585 3105 1732 3143 aethere
1761 3108 1877 3152 collo-

1717 3172 1873 3208 caretur,
