1973 3570
269 252 364 301 DE
398 243 1195 304 INTERPRETATIONE
1232 259 1600 310 nasi-ermis

133 364 168 399 ὅ(
186 363 407 415 disponendi
426 362 702 399 solicitudinem
719 373 900 410 tenerem,
926 365 1066 413 quique
1090 376 1159 401 nec
1174 366 1382 401 noxitarem
1400 366 1624 414 essedas-sm,
1654 382 1721 407 nce

133 417 393 469 antiquitatem
421 419 635 463 admirarer,
661 421 697 454 ἅ
731 430 889 454 omnem
921 419 1160 469 imposturam
1181 419 1346 455 odillem.
1406 422 1532 472 Quare
1548 434 1721 463 naturam

131 485 254 510 meam
285 486 371 510 cum
398 473 549 510 veritate
581 473 767 521 quandam
789 472 1074 510 familiaritatem
1105 476 1139 510 δε
1170 474 1439 524 cognationem
1469 476 1601 513 habere
1632 479 1718 518 iudi

130 530 220 565 cavi.
276 529 459 565 Attamen
477 540 560 565 eum
577 540 712 576 genere
738 530 771 564 ὃ(
795 528 1020 564 educatione
1048 529 1154 565 rebus
1170 528 1334 566 civilibus
1358 532 1522 568 imbutus
1537 532 1660 575 ell'cm,
1682 538 1718 571 a&

129 582 370 632 opinionibus
385 585 600 631 aliquando,
618 593 749 631 utpote
764 583 990 628 adolescens,
1016 583 1261 629 labefactaret,
1277 587 1311 620 δε
1328 585 1462 633 patriae
1487 598 1548 623 me
1577 588 1713 635 aliquid

127 640 324 689 peculiare,
348 639 450 686 quod
466 651 545 675 non
562 638 605 674 ad
622 650 753 674 omnes
770 637 853 674 ali-is
879 649 998 686 partes
1024 651 1064 674 ex
1094 651 1214 689 aequo
1239 641 1435 690 pertineat,
1460 641 1592 678 debere
1616 654 1715 690 puta-

127 705 220 738 rem,
238 693 491 743 speraremque
510 705 582 738 me,
597 691 619 728 si
635 694 791 741 gradum
807 694 970 740 aliquem
989 693 1184 730 honestum
1214 696 1254 730 in
1280 694 1470 746 republica,
1488 696 1714 743 obtinerem,

126 749 268 790 majore
283 747 421 797 ingenii
439 751 472 784 δὲ
491 748 684 785 industriae
707 746 863 785 sublidio
888 761 981 796 quae
1007 748 1269 786 destinaveram
1290 749 1553 800 perfeclurum,
1570 755 1605 788 ὃ(
1623 764 1716 789 artes

127 801 250 840 civiles
273 802 394 848 didici,
425 805 460 840 ἃ
492 815 562 851 qua
587 804 698 839 debui
734 802 909 839 modestia
942 803 1064 840 amicis
1089 806 1194 850 meis,
1218 806 1283 852 qui
1309 801 1443 855 aliquid
1470 807 1627 857 pollent,
1654 808 1715 844 sal-

125 854 168 894 ’να
200 857 429 907 ingenuitate
454 870 514 895 me
549 857 823 896 commendavi.
882 856 1048 895 Acccllit
1085 862 1120 895 ’ἒξ
1149 859 1253 906 illud,
1288 862 1391 907 quod
1420 860 1480 896 ista
1505 864 1715 908 qualiaeurff

100 925 197 959 *que
214 911 294 959 sint,
327 926 406 950 non
430 915 522 950 ultra
552 913 702 957 hujusce
732 912 898 950 mortalis
922 915 1017 950 vitae
1041 913 1303 951 conditionem
1333 917 1368 951 &c
1392 916 1577 953 culturam
1605 929 1716 966 pene-

123 977 245 1008 trant3
276 967 382 1006 thbiit
397 981 487 1006 vero
505 968 581 1020 spes
603 981 663 1005 me
689 964 819 1004 natum
837 970 1027 1017 religionis
1042 968 1131 1006 statu
1153 962 1250 1007 haud
1284 970 1488 1008 admodum
1519 974 1713 1022 prospero,

123 1023 235 1071 posse,
254 1022 276 1060 fi
293 1023 408 1061 civilia
435 1026 563 1061 munia
585 1024 744 1068 obirem,
774 1025 809 1060 ὃς
833 1023 971 1071 aliquid
996 1025 1039 1060 ad
1061 1023 1268 1061 animarum
1289 1024 1443 1062 salutem
1476 1026 1567 1063 boni
1584 1040 1714 1077 procu-

124 1090 215 1115 rare.
273 1079 343 1116 Sed
373 1092 458 1116 cum
495 1078 650 1115 studium
672 1091 802 1114 meum
832 1077 1029 1115 ambitioni
1049 1079 1293 1127 deputaretur,
1330 1082 1366 1117 &
1393 1091 1488 1117 aetas
1520 1083 1596 1127 jam
1623 1077 1715 1120 con-

122 1130 265 1180 fistcrcr,
282 1146 322 1170 ac
342 1134 516 1171 valetudo
533 1133 660 1170 affecta
685 1135 718 1169 δε
737 1134 855 1169 malae
881 1132 1060 1169 tarditatis
1082 1145 1186 1170 meae
1205 1145 1267 1170 me
1295 1134 1528 1182 admoneret,
1559 1140 1595 1173 ὃς
1630 1137 1712 1174 sub-

122 1186 210 1225 lnde
228 1200 434 1237 reputarem
465 1200 527 1224 me
556 1184 686 1224 officio
718 1198 807 1223 meo
829 1188 938 1224 nullo
960 1189 1081 1224 modo
1109 1187 1326 1234 satisfacere,
1355 1200 1443 1225 cum
1471 1201 1510 1227 ea
1531 1203 1597 1242 per
1618 1199 1711 1242 qnae

122 1241 195 1294 ipse
220 1244 440 1280 hominibus
460 1256 526 1295 per
545 1256 604 1279 me
624 1241 789 1292 prodesse
804 1242 958 1292 postem,
976 1245 1207 1289 omitterem,
1224 1246 1259 1280 ὅ(
1275 1244 1319 1279 ad
1336 1255 1388 1290 ea,
1410 1256 1503 1292 quae
1524 1258 1565 1282 ex
1583 1247 1710 1283 alieno

120 1297 272 1334 arbitrio
293 1299 512 1347 penderent,
545 1310 607 1335 mc
627 1296 861 1346 applicarem,
892 1298 936 1334 ab
962 1299 1035 1334 illis
1059 1297 1350 1346 cogitationibus
1370 1312 1432 1336 me
1454 1300 1603 1350 prorsus
1624 1302 1708 1338 alic-

118 1354 216 1398 navi,
237 1356 274 1390 &
296 1353 334 1390 in
355 1353 428 1390 hoc
443 1365 536 1402 opus
552 1366 594 1390 ex
609 1354 735 1402 priore
755 1352 907 1390 decreto
922 1365 984 1389 me
1011 1363 1137 1389 totum
1155 1355 1277 1403 recepi
1296 1367 1303 1388 ι
1334 1366 1405 1391 nec
1425 1354 1518 1391 mihi
1538 1354 1709 1393 animum

119 1407 268 1455 minuit,
284 1409 387 1460 quod
403 1409 491 1455 eju5‚
516 1421 610 1456 quae
632 1419 730 1445 nunc
750 1406 788 1443 in
805 1407 870 1444 usu
891 1406 949 1454 est,
971 1408 1164 1445 doetrinae
1190 1411 1226 1446 δε
1255 1408 1476 1446 cruditionis
1495 1409 1710 1448 declinatio-

118 1474 209 1499 nem
227 1464 414 1511 quandam
443 1463 639 1500 &ruinam
660 1462 697 1499 in
716 1472 933 1512 temporum
960 1461 1051 1500 statu
1084 1463 1294 1515 prospici05
1324 1463 1468 1501 tametsi
1500 1466 1604 1502 enim
1633 1467 1712 1503 bar-

118 1517 296 1555 barorum
312 1516 537 1556 incursiones
552 1530 633 1555 non
648 1528 815 1554 metuam
839 1512 921 1565 (nisi
937 1517 1034 1554 forte
1049 1519 1254 1567 imperium
1271 1516 1491 1571 Hispanum
1517 1520 1552 1556 se
1582 1533 1710 1558 corro-

118 1574 317 1620 boraverit,
337 1576 374 1611 &
388 1573 477 1611 alios
492 1575 614 1620 armis,
636 1572 671 1610 se
691 1585 805 1610 onere
825 1571 1039 1624 oppresserit
1073 1575 1108 1609 &
1130 1573 1348 1623 debilitarit)
1383 1585 1510 1611 tamen
1542 1587 1584 1612 ex
1606 1576 1711 1613 bellis·

115 1627 284 1665 civilibus
301 1629 412 1679 (quae
432 1627 524 1666 mihi
541 1629 714 1680 videntur
728 1638 882 1679 propter
899 1640 1023 1664 mores
1039 1628 1233 1676 quosdam,
1256 1641 1336 1666 non
1362 1628 1410 1665 ira
1430 1631 1577 1679 pridem
1592 1632 1708 1668 intro—

113 1683 258 1730 ductos,
275 1686 410 1721 multas
425 1683 595 1733 regiones
609 1681 860 1736 peragratura)
881 1686 917 1720 δε
937 1695 979 1720 cx
994 1682 1174 1720 rectarum
1191 1676 1434 1733 malignitate,
1466 1687 1502 1722 ὅ(
1536 1698 1578 1722 ex
1603 1697 1707 1737 com-

115 1737 314 1787 pendiariis
339 1740 397 1777 ists
411 1737 568 1776 artificiis
598 1742 634 1775 <Se
657 1737 820 1785 cautelis,
843 1750 937 1786 quae
965 1738 1003 1775 in
1034 1739 1255 1775 cruditionis
1283 1741 1413 1776 locum
1440 1740 1708 1789 surrepserunt,

116 1805 197 1830 non
213 1796 341 1831 minor
356 1797 395 1831 in
412 1793 533 1832 literas
550 1793 770 1831 &scientias
794 1795 959 1845 procella
987 1793 1179 1831 videbatur
1209 1796 1438 1843 impendere.
1495 1797 1579 1834 Nec
1602 1807 1708 1844 typo-

115 1848 343 1897 graphorum
364 1846 515 1886 officina
546 1848 602 1886 his
629 1848 733 1886 malis
754 1846 919 1886 sufficere
947 1859 1068 1897 queat.
1124 1850 1254 1897 Atque
1274 1850 1336 1886 ista
1364 1850 1517 1899 quidem
1548 1851 1709 1887 imbellis

114 1904 297 1950 doctrina,
321 1917 414 1953 quae
434 1906 517 1941 otio
533 1903 651 1950 alitur,
673 1906 842 1954 praemio
862 1906 898 1941 δε
922 1905 1032 1941 laude
1062 1900 1276 1951 efflorescit,
1307 1917 1401 1953 quae
1431 1905 1707 1943 vehementiam

114 1958 306 2010 opinionis
320 1972 400 1996 non
417 1957 576 2005 sustinet,
597 1962 634 1997 &
649 1959 809 1997 artificiis
824 1958 1084 2008 &imposturis
1098 1960 1273 2006 eluditur,
1296 1961 1340 1996 iis
1359 1973 1453 2011 quae
1482 1960 1554 1997 dixi
1585 1963 1704 2010 impe-

113 2013 290 2051 dimentis
308 2013 490 2052 obruitur.
546 2016 678 2064 Longe
694 2016 763 2052 alia
780 2016 877 2052 ratio
898 2013 947 2052 est
961 2013 1144 2062 scientiae,
1164 2016 1268 2059 cujus
1288 2016 1448 2064 dignitas
1478 2017 1705 2053 utilitatibus

113 2069 341 2118 &operibus
356 2072 538 2107 munitur.
593 2070 715 2107 Aede
735 2080 955 2122 tempotum
992 2071 1139 2116 injuriis
1167 2070 1246 2107 fere
1264 2069 1411 2107 securus
1440 2070 1534 2117 sum,
1562 2072 1609 2107 de
1636 2071 1704 2108 ho-

112 2123 263 2161 minum
278 2137 367 2162 veto
382 2123 525 2170 injuriis
541 2137 622 2162 non
637 2126 781 2163 lab0r0.
841 2127 977 2176 Siquis
992 2127 1096 2163 enim
1114 2137 1176 2162 me
1203 2127 1316 2162 nimis
1345 2128 1463 2162 altum
1494 2126 1616 2175 sapere
1644 2127 1704 2162 di-

113 2190 184 2225 cat,
203 2178 416 2228 respondeo
440 2179 666 2231 firnplieiter,
689 2179 728 2217 in
743 2179 910 2217 civilibus
926 2180 1034 2218 rebus
1062 2180 1131 2218 effe
1157 2180 1355 2218 modestiae
1373 2183 1514 2227 locum,
1544 2184 1584 2218 in
1614 2193 1704 2230 con-⁴

111 2234 418 2283 templationibus
434 2234 587 2273 veritati⁸
646 2237 684 2273 Si
711 2234 790 2286 quis
816 2248 907 2274 vero
934 2247 1048 2285 opera
1080 2236 1200 2273 statim
1229 2235 1359 2284 exigat,
1394 2238 1454 2272 aio
1486 2235 1561 2272 sine
1592 2236 1703 2273 omni

113 2288 322 2338 impostura,-
338 2303 400 2327 me
421 2290 621 2327 hominem
649 2302 730 2335 nou
755 2290 881 2327 senem
902 2289 1223 2336 valetudinarium,
1246 2289 1413 2328 civilibus
1437 2289 1561 2327 studiis
1581 2290 1703 2339 impli-

112 2355 251 2392 catum,
280 2356 360 2381 rem
378 2346 556 2382 omnium
573 2341 870 2383 obscurissimam
894 2342 969 2381 fine
990 2345 1082 2381 duce
1116 2357 1157 2381 ac
1182 2346 1265 2381 luce
1293 2345 1496 2394 aggressum
1521 2344 1601 2382 satis
1616 2358 1702 2394 pro-

112 2398 247 2446 feciss'e,
275 2397 526 2437 fimachinam
542 2399 657 2449 ipsam
671 2412 713 2437 ac
736 2400 914 2438 fabricam
928 2400 1175 2446 exstruxerim‚
1203 2398 1290 2436 licet
1314 2411 1397 2437 eam
1425 2413 1507 2437 non
1536 2412 1703 2438 exercue-

108 2453 181 2491 rim
202 2464 264 2492 aut
280 2456 478 2493 moverim.
534 2456 595 2502 Ac
610 2455 746 2492 eodem
761 2454 923 2492 candore
946 2454 1139 2504 profiteor,
1169 2453 1522 2503 interpretationem
1547 2465 1703 2493 naturae

109 2508 317 2559 legitimam
334 2511 373 2547 in
388 2511 513 2559 primo
532 2510 706 2548 adscensu
729 2520 928 2560 antequam
948 2509 994 2546 ad
1014 2509 1171 2559 gradum
1186 2519 1332 2546 certum
1355 2511 1590 2560 generalium
1617 2522 1700 2560 per-

108 2576 265 2603 ventum
280 2562 334 2611 fit,
348 2565 394 2602 ab
408 2565 520 2602 omni
536 2564 782 2615 applicatione
806 2565 852 2602 ad
881 2577 994 2614 opera
1020 2575 1152 2614 puram
1181 2576 1223 2601 ac
1251 2564 1454 2610 sejunCtam
1478 2558 1610 2604 servari
1640 2566 1702 2603 de·

110 2620 208 2657 bere.
265 2621 370 2671 Quin
395 2622 431 2656 ὅτ
446 2631 512 2657 eos
531 2633 676 2667 omnes,
697 2622 763 2669 qui
781 2618 1026 2669 experientiae
1043 2619 1078 2656 se
1106 2618 1216 2656 undis
1232 2618 1352 2672 aliqua
1371 2632 1414 2658 ex
1429 2630 1532 2670 parte
1553 2619 1701 2658 dedide-

109 2686 211 2722 runt,
239 2687 327 2712 cum
354 2673 484 2712 animo
511 2687 644 2726 parum
663 2673 772 2722 firmi,
796 2685 858 2713 aut
887 2674 1145 2712 ostentationis
1165 2673 1289 2726 cupidi
1317 2675 1442 2722 ess'ent,
1472 2677 1512 2712 in
1537 2675 1699 2713 introitu

109 2742 269 2781 operum
289 2730 447 2780 pignora
466 2729 721 2779 intempestive
745 2728 979 2779 investigasse,
1014 2732 1050 2767 δ(
1076 2729 1165 2767 inde
1192 2730 1406 2780 exturbatos
1436 2732 1472 2768 ὅ(
1501 2731 1700 2779 naufragos

107 2784 212 2822 fuisse
228 2784 315 2821 scio.
372 2783 410 2822 Si
424 2787 506 2833 quis
525 2795 651 2822 autem
663 2784 953 2834 pollicitationes
976 2784 1104 2822 saltem
1122 2783 1354 2834 particulares
1383 2784 1557 2837 requirat,
1582 2785 1610 2821 is
1630 2797 1698 2833 no-¹

109 2838 201 2878 verit
214 2839 389 2878 homines
408 2852 474 2891 per
494 2852 588 2887 earn,
619 2852 712 2889 quae
734 2852 834 2877 nunc
863 2841 903 2876 in
927 2839 994 2877 usu
1012 2840 1072 2887 est,
1099 2840 1303 2887 scientiam,
1331 2853 1379 2877 ne
1401 2840 1484 2878 satis
1504 2841 1633 2877 doctos
1652 2839 1698 2876 ad

110 2895 318 2944 optandum
333 2893 486 2944 quidem
505 2895 585 2932 ess'e.
641 2895 758 2947 Quod
779 2899 905 2931 autem
930 2895 1088 2932 minoris
1113 2897 1302 2933 momenti
1331 2907 1386 2933 res
1409 2894 1468 2942 est,
1494 2893 1520 2931 si
1540 2893 1619 2942 quis
1653 2906 1697 2931 cx

110 2948 270 2998 politicis
298 2950 480 2994 judicium
509 2949 616 2988 suum
641 2951 681 2986 in
697 2948 902 2986 istiusmodi
926 2961 964 2986 re
990 2948 1148 2987 inserere
1175 2949 1396 3001 praesumat,
1425 2949 1555 2998 quibus
1577 2950 1698 2985 moris

111 3003 160 3040 est
190 3015 232 3039 ex
256 3003 432 3052 personae
461 3005 611 3042 calculis
639 3003 779 3053 singula
807 3003 1002 3051 aestimare,
1037 3006 1094 3042 vel
1121 3018 1163 3042 ex
1185 3003 1309 3042 fimilis
1333 3016 1488 3041 conatus
1517 3004 1696 3052 exemplis

110 3058 362 3103 conjecturam
378 3059 510 3106 facere,
530 3059 744 3096 illidieium
768 3060 860 3096 volo
884 3061 921 3097 δε
943 3058 1035 3097 illud
1059 3070 1177 3107 vetuS,
1214 3061 1390 3097 claudum
1418 3060 1458 3095 in
1473 3060 1541 3104 via,
1570 3058 1694 3094 c‘urso-

111 3124 193 3149 rem
208 3122 308 3148 extra
321 3111 417 3149 viam
437 3124 680 3161 antevertere,
698 3116 734 3150 δε
757 3113 803 3151 de
827 3114 1005 3162 exemplis
1020 3127 1102 3152 non
1115 3113 1371 3165 cogitandum,
1398 3124 1476 3149 rem
1492 3115 1596 3149 enim
1617 3110 1693 3148 fine

110 3167 283 3215 exemplo
298 3166 378 3204 effe.
434 3169 653 3208 Publicandi
680 3179 807 3209 autem
830 3169 892 3207 ista
912 3171 1009 3209 ratio
1034 3182 1077 3208 ea
1105 3170 1166 3218 est,
1187 3180 1227 3208 ut
1255 3181 1348 3220 quae
1376 3167 1422 3205 ad
1449 3167 1693 3218 ingeniorum

162 3223 282 3261 VoL.
311 3222 354 3259 ΙΙ.
909 3225 963 3262 Li
1576 3232 1695 3260 corre-

1797 262 1889 329 203
