1973 3570
127 243 224 303 246

332 237 434 283 DE
473 224 1322 283 'INTERPRETATIONE
1375 218 1796 276 NATURAE‚

265 333 363 384 quasi
384 335 551 383 legitima
568 345 675 370 mora
695 332 881 380 corrigam
909 333 945 368 δε
960 340 1043 367 tum
1059 330 1215 367 demum
1239 326 1276 375 (fi
1297 325 1494 378 placuerit)
1514 328 1707 377 postquam
1737 331 1788 375 111
1802 342 1868 381 po-

267 391 392 428 testate
409 389 469 426 sua
484 389 552 425 effe
567 388 746 437 coeperit,
776 387 917 432 judicio
932 385 999 423 suo
1015 394 1148 422 utatur.

432 479 578 520 Partis
597 477 889 530 instaurationis
901 474 1093 528 fecundae
1124 473 1331 514 delineatio
1359 467 1406 518 dy
1428 483 1702 528 argumentum.

323 558 569 594 MEMoREs
589 565 715 592 autem
735 552 888 591 instituti
905 552 1019 591 nostri
1035 554 1165 590 omnia
1181 552 1368 604 perspicue
1385 564 1655 603 proponemus,
1683 562 1793 600 atque
1812 554 1874 590 01·-

271 613 361 649 dine
384 623 465 647 non
494 610 721 660 perturbato.
781 610 908 646 Pateat
938 610 1061 657 itaque
1088 608 1196 652 hujus
1227 609 1339 656 partis
1365 606 1561 644 destinatio
1590 609 1626 643 ἃ
1648 606 1869 645 distributio.

271 667 484 704 Destinatur
508 665 593 702 huic
615 667 709 713 parti
740 664 910 700 doCtrina
926 664 971 699 de
989 664 1150 700 meliore
1169 674 1210 698 ac
1231 662 1453 712 perfef'tiore
1479 661 1544 699 usu
1565 663 1731 708 rationis,
1761 662 1876 710 quam

269 722 343 759 huc
372 720 485 768 usque
513 720 731 756 hominibus
751 716 792 754 fit
816 717 989 766 cognitus
1012 728 1073 754 aut
1103 715 1341 762 monstratus,
1372 729 1419 753 eo
1452 714 1620 760 confilio,
1649 726 1690 752 ut
1719 728 1784 767 per
1802 717 1878 754 hoc

272 776 483 813 intellechis
503 774 688 810 humanus
717 773 914 820 (quantum
932 772 1106 808 conditio
1126 773 1367 808 mortalitatis
1392 772 1536 822 recipit)
1554 772 1748 817 exaltetur,
1776 771 1878 814 &fa-

271 832 409 867 cultate
424 827 671 879 amplificetur
686 827 731 863 ad
756 834 908 862 naturae
934 825 1201 862 obscuritatem
1223 824 1460 872 vincendam,
1491 828 1528 863 5<
1547 825 1875 874 interpretandam.

274 886 452 931 Namque
474 880 537 930 ipsi
553 879 858 932 interpretationi
880 890 1033 917 naturae
1047 880 1302 917 attribuuntur
1324 880 1409 916 libri
1424 891 1521 919 tres;
1550 882 1695 927 tertius,
1725 889 1880 929 quart-us

276 941 314 976 ὃ(
330 937 472 977 sextus;
500 934 680 983 siquidem
704 937 870 983 quintus,
899 936 964 983 qui
985 947 1027 972 ex
1057 933 1386 986 anticipationibus
1406 935 1453 971 cst
1473 934 1679 971 secundum
1695 935 1802 972 usum
1822 947 1881 972 ra-

277 994 395 1030 tionis
421 1001 681 1037 communem,
712 989 758 1027 ad
785 998 933 1039 tempus
955 999 1105 1027 tautum
1135 988 1304 1036 sumitur,
1335 992 1370 1026 3:
1395 989 1569 1040 deinceps
1594 988 1786 1040 postquam
1813 989 1879 1039 figi

274 1048 455 1098 coeperit,
483 1055 595 1094 atque
623 1057 666 1082 ex
695 1044 761 1081 usu
781 1045 937 1081 rationis
956 1046 1131 1093 legitimo
1145 1044 1339 1090 verificari,
1368 1046 1405 1081 δ(
1424 1044 1643 1081 transfertur
1668 1047 1704 1082 ὅ(
1720 1046 1881 1081 commi-

275 1111 357 1152 grat
374 1102 414 1138 in
428 1101 588 1138 sextunx
639 1101 738 1137 Huic
757 1111 847 1137 vcro
866 1100 967 1136 libro
983 1099 1148 1136 secundo
1168 1100 1426 1136 committitur
1442 1099 1653 1136 intellectus
1673 1098 1760 1148 ipse,
1788 1098 1880 1145 ejus—

277 1168 352 1205 que
381 1167 468 1193 cura
493 1157 530 1192 ὅ(
556 1156 740 1204 regimen,
769 1154 968 1202 omnisque
989 1165 1180 1203 apparatus
1202 1163 1313 1202 atque
1336 1154 1527 1191 instruCtio
1553 1154 1599 1190 ad
1627 1160 1750 1191 'veram
1766 1155 1881 1192 ratio-

277 1210 336 1248 nis
352 1208 713 1247 administrationem
733 1209 960 1255 conducens,
988 1209 1218 1246 describitur.
1275 1209 1405 1257 Atque
1426 1210 1513 1245 licet
1529 1220 1674 1245 nomen
1689 1208 1810 1259 ipsum
1824 1211 1881 1245 lo-

277 1267 393 1316 gicae,
421 1263 492 1303 five
507 1264 732 1310 dialcfiticae,
761 1273 916 1315 propter
935 1264 1227 1313 depravationes,
1256 1264 1353 1313 apud
1372 1276 1442 1300 nos
1458 1265 1646 1313 ingratum
1662 1263 1739 1300 fere
1756 1263 1877 1310 sonet,

277 1330 407 1358 tamen
437 1329 477 1356 ut
505 1319 679 1356 homines
703 1331 770 1371 per
789 1318 966 1356 consueta
990 1329 1168 1367 tanquam
1194 1330 1308 1355 manu
1332 1319 1520 1365 ducamus,
1549 1318 1597 1355 est
1618 1327 1717 1354 certe
1742 1330 1797 1354 ars
1825 1330 1881 1364 ea,

279 1386 394 1424 quam
415 1375 644 1420 adducimus,
675 1387 717 1411 ex
737 1385 874 1423 genere
904 1375 1058 1423 logicae,
1087 1385 1181 1421 quae
1209 1372 1338 1422 &ipsa
1361 1374 1534 1422 (vulgaris
1549 1374 1718 1421 inquam)
1748 1374 1882 1410 auxilia

279 1433 317 1468 ὃ(
338 1427 513 1480 praesidia
533 1429 726 1466 ilitelledtu
748 1438 850 1479 parat
869 1431 906 1465 ὅ(
934 1429 1103 1464 molitur.
1162 1426 1300 1464 Diffcrt
1321 1437 1446 1464 autem
1472 1428 1593 1464 nostra
1614 1439 1634 1464 a
1654 1428 1778 1476 logica
1805 1429 1885 1466 vul-

280 1486 373 1534 gari,
402 1494 486 1521 tum
501 1482 578 1519 aliis
605 1483 725 1529 rebus,
754 1493 837 1519 tum
859 1483 1054 1532 praecipue
1070 1482 1214 1523 tribus3
1241 1482 1414 1519 videlicet
1435 1484 1551 1519 initiis
1566 1482 1795 1531 inquirendi,
1822 1494 1883 1519 or-

282 1540 372 1576 dine
397 1537 690 1583 demonstrandi,
720 1546 831 1585 atque
849 1537 924 1574 fine
945 1540 982 1574 ὅ(
1004 1533 1146 1574 officio.
1202 1539 1306 1575 Nam
1321 1539 1358 1574 ὃς
1378 1535 1628 1586 inquisitionis
1657 1538 1809 1574 initium
1834 1538 1886 1575 al-

279 1595 355 1631 tius
374 1592 500 1638 sumit,
529 1604 571 1629 ea
586 1591 819 1637 subjiciendo
844 1593 1018 1638 examini,
1047 1604 1141 1640 quae
1157 1593 1281 1642 logica
1292 1594 1452 1642 vulgaris
1466 1594 1581 1630 veluti
1604 1604 1646 1629 ex
1665 1591 1737 1629 fide
1752 1593 1884 1639 aliena,

281 1651 320 1686 &
347 1647 574 1685 authoritate
589 1658 694 1683 caeca
709 1647 839 1697 recipit
854 1661 864 1687 ς
892 1648 1088 1699 principia,
1115 1649 1295 1685 notiones
1308 1649 1456 1697 primas,
1472 1658 1582 1696 atque
1597 1646 1689 1696 ipsas
1702 1646 1883 1685 informa-

282 1705 405 1740 tiones
421 1701 556 1748 sensus,
587 1704 623 1739 &
638 1702 815 1739 ordinem
830 1700 1108 1739 demonstrandi
1124 1703 1233 1752 plane
1249 1704 1414 1749 invertit,
1442 1700 1716 1754 propositiones
1733 1703 1770 1739 ὅ(
1783 1704 1883 1739 axio—

282 1767 395 1803 mata,
424 1757 470 1794 ab
485 1757 635 1794 historia
658 1759 695 1794 &
708 1757 992 1808 particularibus
1006 1757 1051 1794 ad
1065 1759 1253 1807 generalia
1271 1769 1336 1807 per
1351 1756 1483 1794 scalam
1500 1755 1770 1794 adscensoriam
1791 1768 1884 1794 con-

284 1812 450 1850 tinenter
464 1811 706 1849 subvehendo
722 1814 759 1849 8(
775 1812 986 1858 excitando,
1015 1823 1096 1849 non
1123 1814 1295 1862 protinus
1318 1812 1363 1849 ad
1393 1811 1584 1864 principia,
1615 1814 1652 1849 ὅ(
1680 1810 1796 1861 magis
1821 1823 1884 1862 ge-

284 1867 424 1905 neralia
446 1866 660 1904 advolando
682 1876 793 1915 atque
821 1866 867 1903 ab
888 1866 960 1904 illis
979 1866 1117 1904 medias
1131 1866 1404 1919 propositiones
1424 1867 1648 1905 deducendo
1667 1868 1703 1903 ὅ(
1718 1866 1884 1905 derivan-

284 1922 349 1959 do.
405 1920 503 1958 finis
529 1932 654 1959 autem
683 1921 793 1967 hujus
819 1920 997 1959 scientiae
1023 1921 1084 1969 est,
1119 1932 1159 1960 ut
1185 1935 1243 1960 res
1267 1925 1303 1960 ὅ(
1331 1934 1456 1972 opera,
1485 1934 1567 1959 non
1595 1931 1817 1971 argumenta
1844 1924 1885 1960 &

283 1978 447 2014 rationes
462 1977 684 2026 probabiles,
713 1978 954 2014 inveniantur
976 1979 1012 2014 ὃ(
1041 1977 1263 2022 judicentur.
1318 1979 1445 2029 Quare
1475 1975 1685 2014 institutum
1713 1977 1822 2022 hujus
1839 1977 1885 2014 li-

285 2030 343 2068 bri
365 2030 515 2067 secundi
533 2030 748 2075 hujusmodi
771 2031 831 2069 est.
885 2033 927 2070 N
929 2044 1003 2069 unc
1017 2031 1317 2070 distributionem
1333 2031 1497 2077 ejusdem
1512 2030 1682 2069 similiter
1695 2042 1884 2082 propone-

285 2097 381 2123 mus.
436 2086 770 2137 Quemadmodum
786 2088 826 2123 in
839 2088 1083 2136 generatione
1103 2087 1257 2124 luminis
1281 2089 1496 2136 requiritur,
1525 2098 1566 2124 ut
1591 2098 1725 2138 corpus
1751 2087 1884 2135 lumen,

286 2149 525 2189 recepturum
541 2141 717 2191 poliatur,
746 2150 856 2190 atque
877 2142 1015 2179 deinde
1034 2143 1075 2178 in
1097 2142 1229 2179 debito
1248 2143 1292 2180 ad
1322 2144 1446 2180 lucem
1475 2141 1543 2180 litu
1556 2140 1627 2179 five
1642 2139 1885 2180 conversione

285 2204 461 2245 ponatur,
491 2205 692 2244 antequam
721 2196 814 2233 lucis
843 2194 952 2245 ipfius
973 2196 1035 2233 fiat
1062 2193 1272 2238 immiffiof,
1309 2196 1456 2247 prorsus
1480 2199 1531 2234 ita
1559 2197 1607 2234 est
1635 2196 1883 2245 operandum.

286 2248 418 2288 Primo
443 2250 548 2286 enim
570 2251 708 2287 mentis
740 2262 822 2287 area
849 2251 1051 2300 aequanda,
1080 2253 1117 2289 ὅ(
1140 2252 1331 2290 liberanda
1354 2253 1399 2289 ab
1426 2255 1478 2289 eis
1505 2263 1598 2300 quae
1626 2251 1802 2289 hactenus
1829 2263 1885 2288 re-

285 2315 391 2354 cepta
421 2303 530 2346 sunt3
558 2315 643 2342 tum
668 2303 862 2343 conversio
876 2307 1013 2343 mentis
1033 2307 1132 2344 bona
1156 2309 1192 2344 ὅ(
1212 2320 1378 2358 congrua
1397 2306 1562 2344 facienda
1585 2306 1632 2343 est
1649 2306 1693 2343 ad
1709 2317 1762 2353 ea,
1790 2318 1884 2355 quae

287 2359 496 2397 afferuntur
512 2373 522 2401 3
552 2359 741 2410 postremo
755 2359 876 2398 menti
895 2371 1127 2411 praeparatae
1142 2362 1367 2399 informatio
1386 2362 1602 2399 exhibenda.
1657 2361 1788 2410 Atque
1802 2373 1885 2411 pars

289 2413 476 2451 destruens
490 2416 624 2464 triplex
639 2413 699 2462 est,
728 2414 933 2453 secundum
951 2417 1139 2468 triplicem
1162 2427 1334 2454 naturam
1357 2417 1564 2464 idolorum,
1594 2428 1687 2465 quae
1711 2426 1884 2454 mentem

284 2466 467 2505 obsident.
523 2470 590 2507 Illa
604 2472 708 2507 enim
724 2479 786 2508 aut
809 2470 989 2509 adscititia
1004 2470 1100 2518 sunt,
1129 2471 1242 2520 idque
1263 2472 1482 2521 dupliciter;
1510 2473 1694 2509 nimirum
1708 2482 1801 2519 quae
1814 2472 1885 2508 im-

287 2523 497 2571 migrarunt
520 2525 562 2562 in
586 2535 757 2563 mentem
786 2537 945 2575 eamque
972 2537 1217 2575 occuparunt,
1246 2528 1305 2565 vel
1334 2539 1376 2563 ex
1399 2527 1713 2579 philosophorum
1741 2524 1886 2574 placitis

285 2586 399 2625 atque
414 2577 539 2620 seffis3
566 2581 623 2618 vel
642 2579 764 2618 rursus
786 2592 829 2618 ex
849 2579 1021 2630 perversis
1043 2580 1185 2630 legibus
1207 2583 1244 2619 &
1265 2582 1473 2620 rationibus
1495 2581 1857 2619 demonstrationum
1870 2594 1885 2622 3

286 2641 350 2669 aut
365 2643 407 2668 ea
420 2644 514 2680 quae
532 2636 654 2672 menti
669 2632 734 2686 ipfi
748 2637 785 2673 &
803 2634 1018 2675 substantiae
1032 2637 1109 2682 ejus
1129 2636 1358 2674 inhaerentia
1378 2636 1462 2674 sunt
1481 2647 1591 2686 atque
1610 2638 1750 2674 innata.
1809 2636 1885 2673 Sic-

288 2695 331 2723 ut
346 2688 450 2722 enim
470 2686 659 2738 speculum
674 2691 867 2740 inaequale
887 2703 995 2729 veros
1022 2703 1147 2729 rerum
1172 2691 1296 2729 radios
1321 2704 1363 2729 ex
1384 2691 1545 2729 sectione
1570 2692 1719 2741 propria
1746 2691 1885 2728 immu-

288 2750 362 2778 tat:
392 2742 442 2778 ita
454 2744 490 2778 ὅ(
505 2753 622 2790 meus,
651 2746 804 2794 quando
818 2757 838 2783 a
857 2746 965 2784 rebus
985 2759 1051 2798 per
1071 2746 1217 2784 sensum
1231 2748 1381 2797 patitur,
1410 2749 1450 2784 in
1466 2747 1632 2784 motibus
1646 2745 1718 2783 suis
1739 2746 1885 2794 expedi-

289 2795 407 2842 endis
436 2795 720 2847 haudquaquam
744 2802 890 2853 optima
916 2801 1001 2849 fide,
1029 2813 1156 2839 rerum
1184 2813 1337 2839 naturae
1368 2801 1469 2839 suam
1496 2811 1667 2838 naturam
1694 2799 1821 2837 inserit
1843 2803 1882 2839 ὅ(

288 2849 483 2888 immiscet.
541 2852 669 2900 Itaque
691 2856 832 2904 primus
860 2857 1070 2906 imponitur
1098 2857 1214 2903 labor,
1252 2867 1293 2895 ut
1316 2858 1443 2894 omnis
1472 2855 1534 2893 ista
1563 2856 1699 2892 militia
1726 2854 1884 2894 theoria-

287 2917 386 2952 rum,
415 2917 509 2954 quae
529 2915 647 2944 tantas
662 2909 765 2946 dedit
787 2922 941 2959 pugnas,
969 2914 1143 2950 mittatur
1157 2924 1197 2949 ac
1216 2914 1405 2961 religetur.
1459 2911 1619 2947 Accedit
1635 2910 1741 2947 labor
1757 2909 1883 2948 secun-

288 2959 367 3006 duS‚
396 2970 438 2997 ut
468 2973 576 2998 mens
603 2974 623 2998 a
650 2962 767 3012 pravis
795 2966 1160 3005 demonstrationum
1191 2966 1348 3006 vinculis
1376 2965 1548 3003 solvatur.
1604 2966 1714 3002 Hunc
1746 2967 1882 3015 excipit

287 3016 431 3061 tertius,
461 3025 502 3053 ut
522 3017 577 3054 vis
596 3016 656 3054 ista
674 3020 812 3055 mentis
835 3020 1037 3059 seductoria
1065 3023 1289 3067 coerceatur,
1318 3031 1428 3068 atque
1455 3021 1556 3057 idola
1572 3021 1700 3057 innata
1713 3021 1772 3057 vel
1787 3024 1882 3060 evel-

290 3069 427 3113 lantur,
454 3071 525 3116 vel,
553 3068 579 3107 si
604 3073 712 3109 evelli
738 3084 819 3109 non
833 3071 986 3124 possint,
1015 3078 1066 3112 ita
1080 3087 1207 3113 tamen
1221 3076 1445 3121 indicentur,
1472 3085 1583 3123 atque
1601 3074 1884 3124 pernoscantur,

292 3132 332 3160 ut
363 3125 585 3165 variationes
616 3127 754 3166 restitui
787 3124 938 3178 possint.
996 3129 1139 3168 Inutilis
1178 3131 1283 3169 enim
1319 3131 1355 3167 ὅ(
1386 3129 1530 3167 fortass'e
1559 3129 1738 3168 damnosa
1770 3130 1882 3169 fucrit

1712 3196 1882 3224 errorum
