1973 3570
200 250 308 296 ET
373 230 1628 302 DEMocR1T1PH1LosoPH1A.

95 352 166 394 {ive
185 353 349 401 inimica,
368 355 464 392 adeo
482 363 524 392 ut
551 365 687 404 corpus
714 352 889 400 calidum,
919 365 1054 404 corpus
1083 352 1352 404 gelidissimum
1374 356 1480 395 citius
1507 364 1696 403 attraxerit

96 420 137 448 ut
173 411 207 446 ei
238 409 339 455 adiit,
372 421 486 458 quam
515 407 550 446 se
578 409 625 445 ab
652 407 761 446 omni
788 420 950 458 corpore
976 409 1136 459 disjungi
1165 413 1202 447 ὃ(
1224 410 1342 448 deseri
1361 413 1532 463 patiatur.
1591 418 1694 456 Nam

93 464 285 503 vinculum
307 463 482 502 materiae
497 463 633 501 fortius
647 463 708 510 est,
732 474 846 511 quam
874 459 1069 501 dissidium
1092 462 1202 502 calidi
1232 467 1269 503 ὅ(
1297 466 1436 516 frigidi.
1493 469 1540 506 Et
1570 471 1696 519 sequa-1

92 519 180 557 citas
203 519 380 556 materiae
409 531 489 556 non
509 528 613 555 curat
639 515 889 555 diversitatem
913 518 1124 557 formarum
1146 519 1387 569 specialium:
1431 524 1558 572 Itaque
1586 529 1694 563 nullo

93 574 215 611 modo
233 574 323 611 hacc
336 576 452 612 virtus
480 585 595 612 nexus
619 573 664 610 ab
686 573 760 609 illis
782 574 976 623 principiis
992 574 1103 611 calidi
1129 576 1166 612 ὅ(
1188 575 1330 624 frigidi.
1390 578 1604 626 Sequuntur
1625 583 1694 618 vir-

92 638 189 667 tutes
217 629 311 667 duae
336 629 501 667 invicem
534 625 738 679 oppositae,
777 638 872 675 quae
895 639 1056 677 regnum
1080 629 1153 666 hoc
1184 628 1459 680 principiorum
1490 632 1549 682 (ut
1577 635 1693 673 videri

91 679 218 736 polilt)
240 684 286 721 ad
301 682 461 721 calidum
478 685 515 720 δε
540 682 722 732 frigidum
736 682 964 729 detulerunt,
988 682 1050 720 sed
1072 684 1150 728 jure
1165 685 1264 722 male
1287 687 1502 728 enucleat03
1531 700 1589 726 cas
1604 690 1691 728 dici·

93 749 191 785 mus,
214 750 280 788 per
308 750 397 789 quas
424 739 525 776 entia
548 737 583 774 se
613 737 783 789 aperiunt
812 739 849 775 δε
873 738 1108 786 rarefaciunt,
1136 739 1294 778 dilatant
1323 743 1360 778 ὅς
1388 743 1613 791 expandunt,
1644 748 1694 784 ita

92 803 133 831 ut
153 795 269 840 maius
283 792 442 844 spatium
458 801 656 844 occupent,
677 794 714 829 ὅ(
729 791 765 829 se
781 794 820 830 in
841 793 1027 839 majorem
1054 793 1244 844 sphaeram
1274 797 1502 841 conjiciant5
1538 810 1602 837 aut
1618 813 1693 837 rur—

90 847 149 886 sus
162 847 201 886 se
217 847 397 887 claudunt
413 847 452 885 δε
471 847 716 894 condensam,
737 847 925 885 coarctant
959 850 995 885 ὅ(
1024 849 1266 896 contrahunt,
1294 853 1344 888 ita
1371 862 1412 888 ut
1435 851 1554 901 spatiis
1582 854 1689 893 dece-

89 902 192 951 dant,
213 904 306 942 &in
322 901 511 940 minorem
532 901 721 952 sphaeram
741 902 778 940 se
798 901 986 954 recipiant.
1043 904 1330 942 Ostendendum
1362 907 1487 955 itaque
1513 907 1572 954 est,
1602 921 1686 959 qua—

89 965 198 996 tenus
221 957 282 996 ista
301 960 418 997 virtus
440 970 459 995 a
483 958 609 995 calido
627 961 663 994 δε
679 957 818 1006 frigido
843 968 971 995 ortum
996 958 1140 1005 habeat,
1170 961 1206 996 ὅ(
1230 969 1411 1008 quatenus
1435 961 1584 1000 seorsim
1610 977 1689 1003 mo-

91 1023 204 1060 retur,
224 1025 295 1051 ncc
308 1025 397 1050 eum
418 1013 481 1050 illa
501 1014 663 1050 rationes
687 1012 849 1050 misceat.
907 1013 1037 1060 Atque
1055 1010 1290 1052 vcriffimum
1319 1016 1379 1062 est,
1400 1018 1503 1066 quod
1529 1015 1691 1060 affirmat

91 1063 132 1105 T
125 1065 266 1118 elafius,
295 1080 421 1105 rarum
443 1070 480 1105 &
494 1067 652 1105 densum
669 1069 799 1104 caloris
815 1070 850 1104 ὅ(
861 1067 1011 1117 frigoris
1026 1067 1096 1105 effe
1114 1070 1229 1106 veluti
1246 1070 1395 1121 opificia
1408 1074 1557 1124 propria
1573 1087 1580 1109 :
1608 1076 1691 1113 lon·

92 1134 139 1171 gc
161 1124 266 1160 enim
295 1125 479 1161 maximae
503 1122 587 1160 sunt
610 1123 765 1159 illorum
786 1133 906 1173 partes
935 1123 1084 1168 adhoc,
1114 1134 1155 1160 ut
1185 1135 1342 1173 corpora
1371 1127 1487 1172 majus
1510 1129 1547 1164 &
1566 1131 1692 1168 minus

91 1177 249 1227 spatium
275 1189 488 1230 occupenr5
531 1177 593 1214 sed
623 1188 750 1215 tamen
779 1175 966 1214 confusius
989 1176 1050 1214 ista
1072 1178 1314 1229 accipiuntur.
1370 1181 1559 1219 Videntur
1588 1186 1693 1222 enim

36 1246 38 1248 ’
88 1245 249 1284 corpora
271 1234 497 1281 quandoque
520 1233 566 1269 ab
586 1243 660 1269 una
698 1231 916 1280 spatiatione
949 1233 1107 1269 naturali
1139 1234 1180 1269 in
1213 1234 1369 1270 alteram
1403 1237 1561 1285 migrare
1591 1241 1624 1275 ὅ(
1656 1239 1692 1277 st

89 1286 300 1334 transferre,
324 1286 436 1336 idque
455 1288 616 1324 libenter
640 1288 679 1323 δε
696 1296 877 1333 tanquam
897 1288 1074 1332 volentia,
1093 1289 1132 1323 ὃ(
1154 1287 1318 1324 formam
1338 1292 1548 1332 mutantia3
1578 1305 1692 1340 quan-

88 1343 215 1392 doque
237 1352 366 1380 autem
392 1341 664 1379 tantummodo
689 1353 710 1378 a
737 1342 897 1378 naturali
925 1341 1145 1391 spatiatione
1168 1342 1329 1392 depulsa,
1353 1345 1389 1380 &
1419 1356 1598 1383 manente
1616 1348 1691 1385 for-

90 1409 152 1435 ma
167 1399 283 1434 veteri
304 1398 344 1434 in
365 1396 586 1435 consuetam
602 1396 867 1448 spatiationcrn
892 1399 1035 1434 reverti.
1091 1396 1222 1446 Atque
1237 1399 1355 1435 virtus
1382 1399 1445 1436 illa
1465 1398 1692 1450 progreffiva

89 1451 129 1490 in
149 1463 296 1491 novum
319 1451 479 1504 spatium
492 1464 513 1490 a
535 1452 660 1489 calido
682 1453 719 1489 ὅ(
733 1450 872 1500 frigido
894 1451 972 1488 fere
989 1453 1139 1501 regitur.
1194 1452 1250 1489 At
1273 1454 1389 1490 virtus
1411 1456 1525 1493 altera
1553 1457 1694 1495 restitu-

90 1509 168 1545 tivav
180 1519 262 1548 non
277 1508 382 1554 item,
409 1505 591 1557 fiquidem
616 1507 791 1557 expandit
812 1505 848 1544 se
862 1518 955 1555 aqua
975 1507 1015 1544 in
1029 1518 1207 1556 vaporem
1232 1509 1268 1544 ὅ(
1289 1510 1425 1556 a'e'rem,
1449 1511 1579 1548 oleum
1598 1509 1694 1550 smir-

90 1561 175 1600 liter
190 1564 227 1599 ὅ(
242 1561 394 1612 pinguia
412 1564 452 1600 in
468 1562 627 1600 halitum
643 1563 680 1599 ὃ(
694 1561 887 1599 flammam
899 1574 941 1599 ex
953 1562 990 1598 vi
1005 1563 1139 1599 caloris
1149 1578 1163 1604 5
1194 1573 1264 1599 nec
1288 1560 1332 1612 (fi
1345 1563 1507 1614 perfecte
1521 1565 1692 1605 tranfmi-

90 1615 293 1667 graverint)
315 1619 449 1655 reverti
466 1617 656 1666 satagunt3
685 1616 775 1664 quin
793 1619 828 1654 ὅ(
845 1619 904 1653 a‘e'r
925 1616 1001 1668 ipse
1017 1629 1060 1654 ex
1081 1617 1206 1653 calore
1233 1615 1447 1656 intumescit
1472 1620 1508 1656 ὅ(
1524 1623 1690 1660 extendi-

91 1682 163 1710 tur.
219 1673 336 1724 Quod
356 1671 382 1709 fi
401 1674 580 1721 migratio
603 1673 718 1710 fuerit
756 1671 969 1721 semiplena,
998 1669 1081 1722 post
1109 1672 1244 1709 caloris
1271 1672 1484 1721 abscess'um,
1509 1676 1549 1712 in
1576 1676 1612 1713 se
1639 1677 1690 1715 fa*-

91 1729 164 1767 cil'e
178 1726 329 1770 reddin
359 1738 400 1766 ut
420 1729 535 1765 etiam
551 1729 592 1765 in
606 1729 747 1765 virtute
763 1727 963 1764 restitutiva
977 1737 1097 1777 partes
1111 1726 1259 1775 frigoris
1285 1729 1322 1764 &
1346 1730 1477 1766 caloris
1506 1728 1576 1768 fint
1593 1744 1691 1769 non-

91 1783 227 1821 nullae.
282 1782 338 1820 At
358 1795 451 1831 quae
467 1795 548 1820 non
569 1781 756 1819 mediante
774 1783 907 1828 calore,
930 1781 990 1819 sed
1014 1783 1195 1820 violentia
1226 1783 1348 1830 aliqua
1369 1785 1515 1821 extensa
1539 1786 1623 1823 sunt
1654 1789 1692 1824 δε

93 1837 264 1882 distracta,
290 1839 403 1875 etiam
427 1837 562 1885 absque
585 1838 660 1874 ulla
682 1836 830 1887 frigoris
853 1834 1071 1884 acccssione,
1099 1847 1161 1874 aut
1190 1838 1446 1875 diminutione
1474 1841 1621 1887 caloris,
1650 1843 1692 1881 in

95 1893 218 1942 priora
243 1892 353 1941 spatia
378 1891 552 1941 (cessante
573 1890 769 1939 violentia)
795 1888 1029 1941 cupidiffime
1047 1902 1285 1930 revertuntur
1304 1910 1318 1935 ς
1362 1903 1402 1930 ut
1422 1892 1461 1930 in
1477 1894 1691 1934 exsufflone

94 1949 154 1985 ori
175 1946 291 1993 vitrei,
318 1950 351 1983 ὅ(
374 1947 528 1984 follibus
543 1948 681 1984 levatis.
739 1947 779 1984 ld
803 1959 894 1985 vero
918 1949 959 1984 in
986 1946 1111 1984 solidis
1136 1950 1171 1984 &
1195 1943 1320 1984 craflis
1340 1949 1455 1998 longe
1484 1949 1692 1989 evidentius

95 2003 154 2039 cli:
211 2004 314 2040 Nam
342 2000 367 2040 st
395 2002 618 2039 distendatur
640 2014 783 2052 pannus
816 2003 874 2038 vel
898 2002 1050 2046 chorda,
1080 2012 1226 2039 remota
1253 2004 1302 2049 vi,
1331 2015 1465 2053 magna
1491 2006 1691 2044 velocitate

91 2055 283 2098 refiliunt3
312 2068 422 2106 atque
447 2056 578 2094 eadem
601 2057 649 2094 est
669 2053 957 2107 compressionis
982 2059 1090 2095 ratio.
1147 2059 1250 2095 Nam
1274 2060 1335 2095 a'er
1359 2059 1540 2096 violentia
1568 2061 1690 2110 aliqua

91 2112 287 2150 contrusus
310 2115 347 2149 δε
370 2115 615 2149 incarceratus
629 2112 755 2149 multo
769 2123 907 2149 conatu
923 2114 1084 2162 erumpit
1098 2130 1112 2155 ,-
1144 2122 1254 2161 atque
1273 2112 1369 2150 adeo
1387 2116 1514 2151 omnis
1530 2114 1592 2152 ille
1608 2127 1690 2153 mo-

91 2179 150 2206 tus
179 2167 426 2213 mechanicus,
456 2180 534 2217 quo
557 2168 694 2204 durum
725 2179 744 2204 a
773 2168 871 2205 duro
898 2170 1116 2219 percutitur,
1146 2168 1210 2216 qui
1232 2168 1350 2217 vulgo
1374 2178 1502 2206 motus
1529 2171 1690 2214 violenti

93 2224 254 2260 nornine
273 2223 489 2272 appellatur,
512 2234 578 2274 per
592 2234 708 2271 quem
723 2234 779 2259 res
800 2221 936 2259 solidae
968 2221 1170 2260 mittuntur
1193 2223 1228 2258 ὃ(
1246 2223 1376 2260 volant
1404 2234 1470 2272 per
1499 2226 1620 2263 aerem
1650 2225 1689 2265 ἃς

95 2286 241 2326 aquam,
271 2278 364 2314 nihil
407 2278 507 2314 aliud
535 2277 583 2314 cst
610 2289 724 2325 quam
761 2278 868 2314 nixus
906 2276 1068 2328 partium
1097 2278 1267 2325 corporis
1295 2273 1413 2314 emiffi
1452 2278 1496 2317 ad
1519 2277 1554 2315 se
1583 2291 1689 2332 expe-

96 2331 278 2369 diendum
307 2328 640 2381 acompreffione5
683 2334 719 2368 δε
742 2341 870 2369 tamen
903 2331 1087 2379 nusquam
1115 2331 1177 2368 hic
1199 2341 1375 2382 apparent
1405 2332 1552 2383 vestigia
1579 2333 1689 2374 calidi

94 2388 130 2425 &
145 2387 283 2437 frigidi.
340 2389 476 2435 Neque
497 2385 554 2435 est,
580 2386 683 2435 quod
706 2388 789 2436 quis
809 2396 1000 2436 argutetur
1016 2398 1058 2422 ex
1073 2385 1244 2424 doctrina
1261 2381 1394 2434 Telesti
1408 2385 1482 2426 hoc
1497 2388 1629 2436 mod0‚
1645 2399 1688 2431 ut

91 2442 208 2483 dicat3
237 2441 305 2479 ess'c
327 2440 473 2490 singulis
487 2442 770 2492 spatiationibus
785 2441 1010 2478 naturalibus
1027 2436 1244 2490 assignatam
1263 2443 1481 2490 portionem
1497 2444 1686 2493 quandam

95 2498 204 2536 calidi
225 2499 261 2533 ὃς
276 2497 413 2546 frigidi,
437 2509 480 2534 ex
500 2508 598 2534 cci-ta
612 2496 771 2546 quadam
793 2494 972 2545 analogia.
1031 2497 1158 2544 Itaque
1186 2495 1265 2534 fieri
1286 2495 1386 2547 poffe
1402 2506 1442 2534 ut
1466 2496 1610 2537 tametsi
1630 2500 1685 2537 ni-

94 2553 146 2592 hil
162 2551 315 2590 addatur
330 2553 462 2588 caloris
478 2554 513 2589 δε
533 2551 692 2601 frigoris,
708 2561 835 2588 tamen
849 2549 874 2589 fi
904 2551 1015 2603 spatia
1030 2548 1216 2588 materiati
1238 2551 1485 2591 extendantur
1515 2562 1577 2591 aut
1597 2556 1690 2592 con-'

93 2607 298 2653 trahantur,
313 2619 367 2643 res
382 2606 518 2644 eodem
535 2607 678 2652 recidit,
693 2607 779 2654 quia
794 2607 876 2656 plus
892 2608 929 2643 &
945 2607 1069 2642 minus
1084 2606 1296 2658 imponitur
1312 2608 1487 2646 materiae
1501 2608 1542 2644 in
1557 2607 1687 2660 spatio,

96 2673 208 2712 quam
229 2673 299 2711 pro
321 2663 468 2698 ratione
488 2662 620 2699 caloris
651 2664 686 2698 ὅ(
714 2661 872 2711 frigoris.
930 2661 1074 2699 Verum
1095 2659 1157 2698 ista
1178 2661 1267 2700 licet
1294 2672 1375 2700 non
1398 2659 1550 2702 absurda
1574 2663 1688 2716 diCtu,

94 2727 221 2763 tamen
257 2716 340 2754 sunt
378 2728 512 2754 eorum
550 2718 615 2765 qui
645 2716 788 2766 semper
826 2715 966 2765 aliquid
996 2713 1232 2755 comminisci
1266 2713 1401 2764 solent,
1432 2726 1475 2756 ut
1503 2718 1608 2768 quod
1638 2717 1687 2758 sev

96 2773 172 2810 mel
193 2771 311 2808 visum
333 2772 380 2808 est
400 2781 565 2818 teneant,
589 2783 658 2808 nec
689 2781 859 2808 naturam
883 2774 919 2807 δε
943 2782 998 2807 res
1019 2768 1300 2820 persequuntur.
1354 2771 1458 2812 Nam
1481 2769 1507 2810 fi
1531 2772 1687 2809 addatur

97 2828 249 2877 calor&
271 2826 388 2876 frigus
402 2825 616 2871 huiusmodi
637 2826 859 2877 corporibus
875 2823 1027 2862 extenfis
1057 2835 1119 2863 aut
1146 2820 1377 2878 compreffis,
1401 2824 1515 2874 idque
1542 2827 1685 2877 majore

98 2877 267 2918 mensura
287 2893 399 2929 quam
427 2894 498 2933 pro
513 2882 658 2918 ratione
688 2883 724 2917 δε
754 2890 882 2918 natura
903 2880 1071 2930 corporis
1103 2877 1223 2930 ipfius,
1252 2880 1367 2920 veluti
1398 2878 1426 2919 fi
1453 2892 1595 2931 pannus
1622 2877 1687 2920 ille

94 2936 219 2973 tensus
247 2936 386 2973 calefiat
412 2936 458 2973 ad
486 2934 625 2984 ignem,
651 2946 778 2973 tamen
804 2937 916 2973 nullo
937 2934 1059 2974 modo
1080 2946 1163 2972 rem
1185 2935 1452 2986 compensabit,
1475 2946 1545 2973 nec
1570 2935 1685 2987 impe*

97 3001 181 3029 tum
196 2989 435 3028 restitutionis
453 2989 654 3040 extinguet.
709 2992 837 3038 Itaque
868 2990 1023 3042 planum
1062 2989 1138 3036 jam
1173 2989 1342 3037 fecimus,
1367 2991 1471 3030 istam
1507 2987 1684 3031 virtutem

98 3045 337 3094 spatiationis,
353 3058 395 3082 ex
411 3047 534 3083 calore
550 3049 586 3083 ὃ(
600 3045 740 3096 frigore
760 3046 801 3082 in
832 3055 935 3095 parte
950 3042 1111 3083 notabili
1138 3056 1219 3085 non
1237 3046 1413 3097 pendere,
1441 3054 1528 3082 cum
1555 3053 1685 3087 tamen

99 3099 141 3137 fit
157 3098 231 3152 ipsa
251 3101 314 3137 iila
331 3099 455 3147 virtus,
477 3112 572 3149 quae
599 3101 806 3153 plurimum
835 3097 1067 3138 authoritatis
1094 3098 1151 3139 his
1171 3099 1361 3151 principiis
1387 3096 1569 3137 tribuerit.
1624 3099 1685 3136 Se·

99 3162 266 3204 quuntur
283 3154 377 3193 duae
391 3156 562 3204 virtutes,
580 3168 674 3205 quae
693 3156 873 3195 omnibus
890 3156 933 3193 in
948 3166 1015 3194 ore
1029 3153 1132 3202 sunt,
1142 3165 1254 3203 atque
1266 3153 1437 3204 lange&
1454 3153 1528 3192 late
1542 3161 1683 3206 patent,

1546 3217 1548 3219 ’
1620 3217 1686 3255 per

1766 273 1861 322 341
