1973 3570
100 218 198 268 352

515 194 621 246 DE
665 190 1148 244 SAPIENTIA
1189 189 1613 242 VETERUM.

277 300 391 351 quam
411 301 449 338 ὃ(
465 299 661 338 obscuram
677 300 911 348 provinciam
925 296 1083 334 ditionis
1097 296 1180 334 suae
1196 297 1231 334 se
1247 298 1421 347 recipere,
1446 300 1569 335 nervis
1585 300 1622 335 δε
1637 300 1879 349 pecuniarum

278 359 317 395 ὅ(
333 355 525 402 majestatis
551 352 671 392 accisis
689 368 696 390 z
727 353 788 390 sed
803 364 932 390 tamen
953 364 1034 388 non
1059 354 1110 389 ita
1133 354 1259 389 multo
1276 351 1356 401 post
1372 352 1568 390 fortunam
1595 353 1802 404 prudenter
1819 364 1879 391 to-

278 413 450 457 letantes,
465 412 603 448 virtute
619 407 845 446 &industria
858 404 1050 444 Mercurii
1065 418 1201 444 nervos
1217 407 1411 459 recipiunt,
1431 407 1506 444 hoc
1523 405 1587 454 est,
1603 406 1765 444 affabiles
1776 407 1874 454 faciti,

278 469 319 505 ὅ(
333 478 398 516 per
411 464 527 502 edicta
542 465 739 516 prudentia
768 465 805 500 ὃς
834 462 1027 500 sermones
1056 460 1252 511 benignos,
1275 462 1523 499 reconciliatis
1545 461 1783 510 subditorum
1803 465 1879 499 ani-

278 523 353 558 mis
367 523 403 557 &
421 517 687 564 voluntatibus,
702 518 857 554 tandem
873 518 1103 554 alacritatem
1120 517 1168 554 ad
1183 516 1364 566 impensas
1387 516 1646 562 conferendas,
1676 518 1712 566 ὁ(
1735 529 1881 554 novum

278 574 515 613 authoritatis
529 576 699 624 vigorem
720 571 890 610 excitant.
950 569 1215 610 Nihilominus
1236 572 1440 623 prudentes
1456 573 1493 608 &
1508 570 1605 608 cauti
1627 571 1746 608 aleam
1761 571 1880 609 fortu-

279 643 351 668 nae
365 640 508 667 tentare
522 630 745 678 plerumque
765 629 917 674 nolunt,
942 629 979 663 ὅ(
996 638 1015 662 a
1029 638 1154 677 pugna
1173 624 1370 673 abstinent,
1394 625 1460 663 sed
1473 636 1602 663 tamen
1617 637 1771 675 operam
1790 626 1882 663 daut

280 696 324 723 ut
339 686 467 733 aliquo
481 682 645 721 facinore
661 683 901 719 memorabili
930 680 1241 718 existimationem
1267 681 1467 718 rebellium
1485 680 1669 730 frangant.
1725 681 1840 734 Quod
1856 678 1884 717 fi

280 752 326 778 ex
345 750 439 776 voto
453 738 633 784 succedat,
658 738 713 772 illi
728 737 893 774 vulneris
906 737 1047 784 accepti
1065 734 1215 782 conscii,
1241 737 1277 772 δε
1305 747 1431 773 rerum
1455 735 1603 773 suarum
1633 736 1782 787 trepidi,
1811 737 1884 785 pri·

281 805 354 833 mo
378 794 423 830 ad
438 793 566 830 fraelas
588 793 626 827 δε
651 789 781 827 inanes
798 792 918 826 minas
939 790 1055 827 veluti
1075 790 1290 839 serpentum
1316 788 1440 828 sibilos
1468 790 1503 827 se
1520 799 1691 827 vertunt:
1732 790 1884 827 Deinde

276 849 393 887 *rebus
407 847 604 896 desperatis
618 845 746 894 fugam
766 843 964 896 capessunt.
1021 843 1152 896 Atque
1179 855 1263 882 tum
1277 845 1434 882 demum
1453 845 1646 896 postquam
1671 857 1777 882 ruere
1793 847 1883 881 inci·

283 905 401 956 piant,
427 911 554 939 tutum
569 900 617 937 est
631 898 892 949 tempestivum
905 898 1054 947 regibus
1072 900 1191 950 copiis
1211 901 1248 936 δε
1263 899 1431 937 universa
1449 901 1552 937 mole
1582 901 1689 949 regni
1704 910 1884 948 tanquam

285 953 467 997 AEtnae
485 965 621 994 monte
636 966 700 993 eos
716 952 887 1006 persequi
906 955 941 991 ὅ(
958 954 1186 1006 opprimere.

578 1091 620 1138 3.
659 1076 963 1128 CYCLOPEs,
986 1069 1086 1137 sive
1129 1070 1341 1137 Ministri
1375 1076 1574 1123 terroris.

339 1190 611 1230 NARRANT
634 1187 825 1241 Cyclopes,
847 1187 898 1225 ob
920 1185 1106 1225 feritatem
1136 1189 1173 1225 ὅς
1207 1188 1484 1225 immanitatem
1502 1187 1637 1238 ,primo
1664 1199 1685 1224 a
1706 1186 1819 1238 Jove
1841 1186 1881 1224 in

286 1246 490 1285 Tartarum
509 1244 689 1291 detrusos,
712 1246 747 1281 <Se
762 1253 944 1295 perpetuo
958 1244 1096 1279 carceri
1112 1243 1342 1288 adjudicatos
1357 1243 1462 1280 fuiss‘e
1480 1257 1487 1279 :
1517 1255 1648 1280 verum
1664 1243 1786 1292 postea
1803 1238 1886 1280 Tel-

287 1299 352 1339 lus
365 1298 471 1352 Jovz'
490 1298 672 1349 persuasit,
688 1300 722 1336 ei
737 1310 818 1336 non
836 1298 900 1336 abs
914 1309 953 1334 re
967 1297 1060 1343 fore,
1076 1295 1100 1333 fi
1117 1310 1180 1334 eos
1195 1299 1352 1335 vinculis
1369 1299 1554 1344 liberaret,
1571 1300 1608 1334 &
1624 1309 1755 1335 eorum
1771 1309 1886 1349 opera

286 1356 336 1393 ad
349 1356 512 1393 fulmina
524 1354 739 1392 fabricanda
752 1363 929 1392 uteretur.
987 1353 1104 1403 Quod
1127 1354 1163 1389 ὅ(
1189 1353 1329 1389 saelum
1352 1352 1412 1399 est,
1435 1364 1546 1401 atque
1579 1353 1636 1389 illi
1665 1349 1821 1389 officiosi
1848 1354 1887 1389 &

282 1409 454 1449 industrii
468 1410 629 1448 fulmina
645 1420 755 1457 atque
773 1409 843 1445 alia
858 1407 1009 1444 terroris
1025 1406 1267 1444 instrumenta
1284 1402 1430 1443 affiduo
1445 1419 1559 1458 opere
1589 1409 1626 1443 δε
1648 1408 1788 1444 minaci
1803 1407 1887 1443 stre-

285 1467 370 1517 pitu
384 1465 564 1502 fecerunt.
622 1465 817 1513 Tempore
832 1471 959 1498 autem
988 1460 1137 1497 labente
1160 1459 1294 1507 evenit,
1318 1471 1359 1498 ut
1378 1459 1544 1513 Jupiter
1564 1459 1816 1513 AEsculaps'o
1830 1460 1889 1500 A-

276 1517 444 1572 pollinis
459 1518 541 1556 filio
555 1516 795 1564 succenseret,
825 1516 877 1553 ob
891 1515 1091 1552 hominem
1115 1515 1301 1553 medicina
1328 1528 1348 1552 a
1372 1527 1498 1554 morte
1526 1516 1751 1558 excitatum3
1794 1518 1889 1554 iram

285 1584 414 1612 autem
428 1583 557 1623 tegens
582 1572 687 1623 (quia
706 1584 838 1622 parum
856 1570 943 1617 justa
965 1570 1186 1620 indignandi
1201 1570 1304 1608 causa
1320 1571 1461 1609 suberat
1488 1571 1540 1609 ob
1562 1572 1705 1609 facinus
1728 1572 1834 1621 pium
1849 1573 1888 1609 δε

285 1627 452 1678 celebre)
478 1625 656 1680 Cyclopes
670 1626 710 1664 in
726 1639 814 1665 eum
829 1626 970 1663 secreto
984 1625 1178 1675 instigavit,
1220 1625 1284 1674 qui
1306 1625 1400 1663 nihil
1429 1627 1589 1664 cunstati
1615 1625 1775 1664 fulmine
1797 1638 1888 1664 eum

283 1685 534 1722 interemere:
564 1684 605 1719 in
622 1683 727 1730 cujus
741 1683 795 1719 rei
810 1680 1022 1728 vindieiam,
1038 1679 1179 1732 Apollo
1194 1680 1306 1732 Jove
1327 1693 1409 1719 non
1432 1681 1655 1731 prohibente
1674 1680 1810 1731 sagittis
1822 1693 1889 1718 eos

283 1738 464 1777 confecit.
521 1738 657 1775 Fabula
671 1737 717 1774 ad
732 1749 863 1787 regum
884 1736 977 1773 faita
991 1738 1176 1784 pertinere
1190 1737 1347 1774 videtur.
1405 1736 1463 1773 Illi
1478 1739 1581 1774 enim
1604 1735 1795 1773 ministros
1818 1736 1888 1773 sae-

285 1806 366 1840 vos,
392 1796 430 1831 &
454 1792 708 1842 sanguinarios
728 1794 765 1829 ὅ(
785 1792 981 1838 exactores,
997 1792 1123 1840 primo
1139 1791 1323 1842 suppliciis
1345 1787 1526 1836 afficiunt,
1559 1794 1596 1828 δε
1622 1803 1642 1828 a
1667 1792 1776 1828 rebus
1792 1790 1889 1829 surn-

283 1857 473 1888 movent:
514 1847 642 1885 Postea
656 1859 699 1885 ex
713 1848 881 1884 concilio
896 1842 1076 1893 Telluris,
1105 1846 1143 1883 id
1162 1846 1222 1892 est,
1255 1847 1418 1896 ignobili
1440 1849 1478 1883 ὅ(
1498 1857 1632 1898 parum
1660 1845 1890 1894 honorifico,

284 1904 522 1956 praevalente
535 1901 694 1940 utilitate
708 1914 772 1939 eos
786 1901 905 1939 mrsus
922 1900 1114 1948 adhibent,
1138 1899 1251 1938 ficubi
1265 1911 1328 1938 aut
1343 1900 1607 1939 executionum
1623 1899 1811 1939 severitate
1826 1911 1890 1938 aut

285 1959 530 1996 exaffionum
564 1958 766 1996 acerbitate
789 1969 882 2007 opus
909 1954 967 1993 est.
1023 1957 1082 1992 llli
1115 1967 1246 1994 natura
1271 1966 1406 2003 truces,
1442 1959 1479 1993 ὅ(
1515 1969 1558 1993 ex
1585 1957 1711 2006 priore
1735 1955 1888 1994 fortuna

283 2011 496 2065 exasperati,
527 2014 564 2049 ὅ(
600 2013 682 2049 satis
704 2012 919 2058 sentientes,
956 2011 1047 2060 quid
1072 2011 1117 2048 ab
1140 2010 1211 2048 illis
1236 2011 1455 2063 expectetur,
1489 2010 1624 2048 miram
1651 2011 1889 2060 diligentiam

286 2069 334 2105 in
356 2065 571 2114 hujusmodi
603 2067 713 2104 rebus
745 2067 949 2119 praestant3
986 2065 1048 2103 sed
1073 2078 1207 2116 parum
1229 2067 1340 2114 cauti,
1368 2069 1405 2104 ὃ(
1431 2066 1477 2103 ad
1499 2068 1654 2116 gratiam
1682 2065 1890 2103 ineundam

286 2122 598 2174 &aucupandam
617 2123 848 2174 praecipites,
876 2120 1078 2169 aliquando
1106 2133 1149 2158 ex
1170 2121 1315 2159 secretis
1342 2120 1553 2171 principum
1581 2120 1734 2158 nutibus
1767 2122 1805 2157 &
1832 2122 1889 2158 in-

288 2179 399 2215 certis
413 2177 598 2215 mandatis
625 2176 850 2214 invidiosam
876 2175 1039 2224 aliquam
1067 2178 1332 2214 executionem
1359 2187 1552 2226 peragunt.
1607 2176 1798 2224 Principes
1826 2186 1887 2212 au·

287 2243 369 2270 tem
384 2230 566 2270 invidiam
580 2232 822 2278 declinantes,
851 2233 887 2269 &
902 2230 985 2268 satis
999 2232 1106 2280 gnari
1121 2230 1338 2277 hujusmodi
1354 2229 1595 2268 instrumenta
1613 2242 1810 2278 nunquam
1822 2227 1888 2267 fibi

288 2288 474 2334 defutura,
491 2299 555 2325 eos
569 2285 786 2325 destituunt:
816 2288 852 2324 &
866 2286 1087 2337 propinquis
1100 2287 1136 2323 ὅ(
1148 2285 1274 2323 amicis
1287 2298 1435 2332 eorum,
1450 2287 1516 2334 qui
1532 2297 1670 2335 poenas
1685 2284 1889 2332 subierunt,

291 2353 406 2390 atque
427 2341 565 2380 horum
579 2341 830 2380 delationibus
845 2343 882 2379 ὃς
897 2339 1080 2378 vinditiae
1100 2342 1138 2378 &
1160 2341 1254 2378 odio
1267 2339 1434 2392 populari
1449 2352 1514 2377 eos
1529 2341 1760 2391 relinquunt,
1788 2339 1889 2377 unde

291 2409 434 2446 magno
452 2396 593 2447 plausu,
619 2409 663 2435 ex
686 2396 870 2447 prosperis
899 2397 940 2434 in
965 2407 1071 2446 reges
1098 2398 1195 2434 votis
1224 2394 1263 2434 ὅ(
1284 2394 1627 2442 acclamationibus,
1662 2394 1743 2432 sero
1770 2395 1890 2445 magis

291 2463 405 2500 quam
421 2453 617 2490 immerito
630 2462 802 2503 pereunt.

672 2593 720 2636 4.
760 2577 844 2624 NA
855 2594 879 2624 R
891 2593 975 2623 018
990 2593 1008 2623 s
1022 2593 1051 2623 U
1063 2592 1095 2634 s,
1121 2573 1221 2640 five
1254 2573 1508 2623 Philautia.

343 2683 629 2725 NARcrssus
652 2685 757 2725 fuiss'e
779 2686 937 2724 traditur
960 2685 1084 2723 forma
1106 2685 1144 2722 &
1159 2683 1346 2723 venustate
1368 2683 1563 2729 mirabilis,
1589 2680 1650 2718 sed
1665 2679 1810 2718 suberat
1834 2678 1890 2717 su-

292 2739 419 2789 perbia
439 2740 582 2789 ingens,
610 2743 647 2779 &
669 2741 856 2779 fastidium
879 2740 1174 2779 intolerandum.
1229 2741 1358 2788 Itaque
1384 2750 1474 2777 cum
1502 2735 1568 2774 fibi
1596 2737 1770 2787 placeret,
1792 2734 1889 2772 alios

290 2792 507 2846 despiceret,
529 2795 646 2832 vitam
660 2795 735 2845 egit
750 2795 956 2834 solitariam
982 2797 1025 2833 in
1055 2793 1163 2844 sylvis
1183 2796 1221 2832 &
1249 2793 1524 2839 venationibus,
1558 2802 1647 2828 cum
1673 2791 1800 2840 paucis
1826 2800 1891 2826 eo-

291 2849 462 2896 mitibus,
477 2848 611 2898 quibus
631 2848 705 2899 ipse
727 2852 859 2889 omnia
881 2861 968 2888 erat.
1025 2849 1282 2888 Affeetabatur
1309 2850 1424 2886 etiam
1443 2857 1532 2885 eum
1558 2843 1698 2894 ubique
1722 2843 1891 2894 nympha

294 2900 417 2941 Echo.
473 2905 517 2941 In
530 2903 604 2941 hoe
619 2906 715 2941 vitae
735 2904 906 2944 instituto
932 2905 1043 2943 fatale
1066 2904 1099 2942 ei
1126 2914 1204 2942 erat
1227 2904 1274 2942 ad
1295 2903 1444 2941 fontem
1470 2899 1661 2953 quendam
1689 2898 1892 2951 limpidum

293 2959 434 3005 venire,
460 2960 497 2996 ὅ(
519 2959 619 3005 juxta
637 2970 726 2996 eum
755 2959 822 2996 sub
840 2959 978 2998 aestum
998 2958 1143 2998 mediae
1170 2959 1245 2996 diei
1269 2956 1504 2996 decumbere.
1563 2954 1668 2992 Cum
1694 2964 1824 2992 autem
1848 2954 1893 2991 in.

291 3024 388 3061 aqua
403 3013 609 3063 imaginem
623 3013 816 3063 propriam
837 3014 1036 3064 aspexisset,
1059 3016 1101 3052 in
1129 3010 1495 3064 contemplationem
1518 3009 1587 3057 sui,
1614 3020 1656 3046 ac
1682 3007 1821 3046 deinde
1848 3009 1892 3047 in

293 3067 588 3106 admirationem
610 3066 745 3106 effusus
767 3069 804 3104 ὅ(
819 3078 954 3118 raptuS‚
978 3070 1089 3107 nullo
1103 3068 1226 3106 modo
1240 3069 1287 3105 ab
1305 3065 1522 3112 hujusmodi
1550 3063 1693 3116 spe&ro
1717 3065 1755 3101 &
1782 3059 1891 3099 fimu-

290 3122 391 3162 lacro
405 3122 550 3162 distrahi
567 3132 733 3175 poteram
763 3121 823 3161 sed
845 3132 1032 3175 perpetuo
1052 3122 1192 3162 defixus
1215 3122 1438 3174 obtorpuit3
1467 3132 1510 3159 ae
1530 3118 1685 3158 tandem
1699 3117 1740 3155 in
1752 3116 1890 3178 florem

1720 3181 1892 3211 nominis
