1973 3570
82 169 183 235 408

60 1967 81 1987 ’¹⁴‘
105 1966 208 1997 Horat.

743 157 1372 212 EPISTOLAE.

250 408 252 410 ’
273 408 351 468 Χ.
392 406 703 468 Reverendo
726 405 1098 485 doinfflmoque
1126 405 1242 462 viro
1266 401 1572 461 Guilielmo
1593 404 1882 481 RavaeiO,¹

652 494 705 550 S.
732 493 805 552 P.
826 494 911 550 D.
957 490 1171 549 Isaacus
1194 488 1481 547 Gruterus

327 658 399 699 Vir
414 656 656 706 Reverende,

376 760 591 799 RATRIS
621 759 696 796 mei
727 759 840 797 cruda
871 770 987 806 mors,
1025 760 1085 797 cui
1113 757 1285 797 Latinam
1313 759 1488 797 naturalis
1512 757 1681 797 historiae
1712 759 1866 800 Verula-

272 761 364 868 F
395 815 544 852 mianae
557 811 766 852 versionem
781 815 970 861 debemus,
999 813 1128 864 perdiu
1149 825 1210 850 me
1234 811 1417 850 subsistere
1443 815 1565 862 coegit
1595 813 1633 851 in
1657 817 1771 852 natali
1799 829 1867 854 no-

270 874 324 908 bis
339 866 545 914 Zelandia,
578 868 670 906 dum
699 870 895 905 mortualis
921 869 1085 905 familiae
1113 866 1264 917 negotia
1287 868 1454 918 expedio.
1509 869 1683 906 Domum
1706 872 1869 908 reversus

267 926 314 962 ad
329 922 511 962 Batavos
534 921 684 960 invenio
706 923 827 960 literas
845 933 925 961 tuas
945 922 1028 960 sane
1055 935 1168 974 quam
1191 919 1432 972 gratiflimas3
1461 921 1523 960 sed
1552 924 1656 971 quod
1679 924 1869 972 dolebam,

267 979 350 1016 sero
366 977 555 1027 responso,
584 978 634 1014 ob
647 975 827 1015 sonticam
844 979 890 1015 ab
911 975 1096 1030 Hagcmis
1115 975 1297 1015 absentiae
1313 977 1470 1024 causam,
1499 977 1738 1028 excipiendas.
1794 981 1868 1019 Ve-

267 1035 372 1071 niam
395 1042 559 1070 mcretur
584 1030 787 1081 quipeccat
810 1034 960 1080 invitus,
989 1031 1241 1084 tarditatisque
1265 1044 1285 1069 a
1310 1032 1463 1069 fortuna
1485 1031 1696 1082 impofitarn
1717 1031 1868 1072 neceffi-

265 1096 384 1126 tatem
411 1087 563 1139 pensare
585 1087 784 1124 conabitur
806 1086 956 1125 affectus
976 1085 1106 1134 studio,
1145 1099 1339 1138 nunquam
1373 1086 1520 1136 posthac
1547 1085 1804 1127 indormituro
1831 1101 1865 1127 a-

265 1141 427 1181 micitiae
442 1142 629 1190 obsequiis
652 1144 689 1179 &
709 1140 885 1180 offerenti
915 1141 949 1179 se
975 1139 1168 1179 occasioni.
1224 1143 1309 1181 Viri
1337 1141 1432 1179 istius
1460 1140 1686 1190 institutum,
1711 1145 1776 1193 qui
1790 1141 1870 1188 Ba,-

266 1197 351 1236 coni
366 1195 552 1235 historiam
571 1198 791 1244 naturalem,
817 1207 861 1235 ut
889 1207 973 1234 eam
1000 1196 1140 1246 priores
1167 1207 1273 1234 meae
1295 1193 1543 1246 defignarunt‚
1573 1195 1725 1236 Gallice
1751 1198 1868 1246 dedit,

266 1251 389 1303 paucis
407 1251 527 1290 verbis
547 1251 860 1301 comprehensum
874 1250 1047 1290 exhibent
1073 1252 1192 1290 fratris
1211 1250 1286 1288 mei
1313 1251 1609 1302 prolegomenas
1637 1265 1731 1304 quae
1753 1254 1870 1290 velim

267 1307 401 1353 videas,
431 1309 468 1344 &
492 1305 672 1352 judicium
692 1307 739 1344 de
767 1305 808 1344 iis
832 1306 1123 1357 censoriamque,
1151 1305 1215 1343 ubi
1230 1307 1374 1343 laborat
1401 1306 1503 1352 fides,
1531 1316 1664 1344 notam
1683 1307 1869 1345 transmit-

266 1371 321 1398 tas
335 1360 508 1413 proximis
523 1360 647 1398 literis.
705 1360 832 1399 Editio
850 1361 912 1398 illa
936 1362 1106 1411 germani
1134 1359 1221 1406 mei,
1249 1371 1363 1408 quam
1383 1372 1471 1397 cum
1499 1362 1696 1412 voluptate
1723 1362 1869 1400 summa

268 1415 455 1467 inspexisse
479 1426 517 1452 te
545 1415 679 1462 scribis,
712 1428 802 1452 mox
829 1416 1065 1452 emendatior
1093 1414 1260 1466 prodibit
1294 1427 1336 1451 ex
1365 1414 1532 1453 secundis
1568 1416 1734 1454 defun-sti
1761 1416 1869 1464 curis,

268 1482 357 1507 cum
389 1468 578 1506 au&uario
607 1469 770 1514 ejusdem
805 1468 1030 1519 argumenti,
1071 1469 1336 1519 expungendae
1363 1467 1575 1509 Atlantide·
1602 1470 1867 1509 substituendo.

269 1525 386 1577 Quod
401 1536 481 1560 non
492 1523 589 1560 aliud
605 1523 773 1562 futurum
789 1525 834 1561 ab
854 1524 914 1562 ista
934 1524 1099 1562 hominis
1115 1522 1226 1562 Galli
1248 1523 1564 1576 interpretatione,
1590 1525 1698 1563 Latio
1725 1526 1869 1564 donan-

270 1580 327 1626 da,
357 1591 445 1615 cum
460 1576 628 1630 Anglice
640 1577 789 1629 reperiri
804 1592 885 1617 non
903 1590 1013 1628 queat
1028 1579 1129 1616 unde
1149 1578 1210 1616 sua
1233 1581 1367 1619 vertit3
1395 1577 1463 1616 nifi
1490 1590 1532 1617 tu
1560 1580 1650 1618 haec
1674 1591 1716 1617 ut
1749 1580 1870 1632 spuria

257 1635 309 1670 ’δε
322 1634 527 1671 adulterina
542 1633 783 1681 damnaveris,
812 1633 876 1671 ubi
895 1635 1020 1673 videre
1044 1633 1242 1683 contigerit
1269 1632 1418 1671 librum.
1475 1634 1763 1673 Observationes
1787 1646 1871 1673 tuas

270 1690 310 1725 in
326 1689 424 1725 male
447 1688 633 1725 intellecta
653 1701 919 1740 perperamque
940 1689 1040 1727 versa
1062 1702 1103 1726 ex
1119 1687 1286 1740 Anglico
1313 1688 1479 1725 historiae
1512 1692 1701 1733 naturalis,
1729 1691 1832 1739 quod
1848 1703 1870 1728 a

264 1753 302 1780 te
322 1745 512 1792 evulgatus
543 1742 675 1792 legitur
707 1745 842 1793 (qualia
870 1744 907 1781 in
936 1743 1062 1796 primis
1096 1743 1288 1781 conatibus
1311 1745 1521 1794 interpretis
1548 1757 1629 1782 non
1654 1744 1865 1797 indigenae,

265 1800 303 1835 &
345 1798 461 1835 indies
497 1807 588 1835 tunc
616 1810 704 1835 cnm
735 1798 958 1836 adolesceret
993 1809 1112 1836 aetate
1145 1797 1370 1850 proficientis
1403 1799 1500 1836 haud
1529 1811 1642 1850 pauca
1671 1801 1864 1838 occurrere

266 1864 388 1890 nemo
405 1851 609 1899 mirabitur,
638 1855 703 1902 qui
720 1855 866 1891 noverit
895 1851 1185 1904 physiologica-m
1209 1855 1420 1903 argumenti
1442 1855 1513 1890 late
1538 1856 1697 1905 patentis
1717 1850 1869 1894 varieta-

269 1917 362 1953 tem,
391 1909 554 1958 perplexi
583 1920 625 1945 ex
654 1918 713 1945 tot
741 1920 865 1945 rerum
886 1910 1077 1958 congerie,
1106 1908 1168 1947 sua
1196 1920 1276 1945 non
1292 1908 1430 1957 ubique
1450 1909 1628 1946 vocabula
1655 1909 1751 1959 apud
1776 1909 1869 1948 anti-

266 1974 362 2011 quos
379 1962 611 2009 habentium,
641 1965 677 2000 &
706 1961 935 2014 *praesente
957 1969 1050 2001 nota
1060 1959 1274 2015 stgnandas
1295 1962 1559 2015 appellationes
1579 1961 1883 2015 requirentium)

266 2016 380 2054 velim
409 2016 501 2054 mihi
529 2030 610 2054 non
637 2016 808 2065 invideas,
838 2019 1082 2056 conferendas
1109 2030 1198 2055 cum
1229 2020 1268 2054 τῖἱ
1283 2020 1431 2066 μακαρίτκ
1455 2018 1781 2057 emendationibus
1806 2019 1862 2057 so-

265 2070 366 2109 licite
391 2071 610 2112 elaboratis;
639 2085 686 2110 an
708 2075 744 2109 &
764 2072 933 2120 feliciter,
962 2083 1004 2110 tu
1027 2085 1114 2110 cum
1138 2071 1422 2125 paucisistarum
1438 2072 1702 2123 elegantiarum
1731 2072 1867 2112 intelli-

274 2125 446 2176 gentibus
471 2125 643 2175 dispicies.
700 2127 818 2165 Mitto
837 2129 1002 2166 indicem
1021 2140 1166 2174 eorum,
1194 2140 1286 2178 quae
1302 2140 1345 2164 ex
1360 2125 1613 2179 Boswelliani
1640 2128 1758 2167 musei
1787 2128 1870 2166 scri-

279 2180 347 2218 niis
375 2180 572 2218 chartaceis
598 2194 710 2231 penes
739 2195 799 2220 me
818 2182 964 2230 exstant,
1006 2184 1064 2220 vel
1092 2184 1237 2234 propria
1267 2195 1381 2220 manu
1409 2182 1595 2232 descripta,
1630 2186 1688 2220 vel
1721 2182 1870 2222 alterius

278 2236 374 2287 apud
394 2248 471 2283 vos,
501 2235 560 2273 sed
584 2235 734 2275 Bacom·
754 2249 909 2275 manum
930 2238 1113 2274 &limam
1140 2248 1286 2287 experta
1297 2256 1311 2280 ,-
1341 2248 1383 2274 ut
1402 2234 1616 2289 Boswellus
1640 2237 1733 2275 olim
1761 2237 1867 2286 mihi,

276 2291 432 2327 admiffo
461 2291 506 2328 ad
529 2291 724 2329 interiores
753 2291 1006 2330 familiaritatis
1033 2291 1163 2340 aditus,
1201 2294 1523 2330 commemoravit.
1582 2294 1625 2330 In
1654 2292 1869 2345 apographis

278 2345 369 2381 meis
389 2345 442 2392 (ut
460 2345 647 2384 testabitur
666 2346 774 2384 index
785 2347 882 2385 hisce
899 2349 1015 2384 literis
1027 2345 1171 2395 comes)
1192 2348 1347 2398 reperies
1361 2345 1558 2384 Historiam
1573 2347 1685 2385 Denfi
1707 2351 1743 2386 ὅ(
1765 2346 1866 2396 Rari,

280 2398 337 2435 sed
355 2398 616 2449 imperfec‘tam,
650 2401 830 2453 opusculo
853 2403 940 2439 licet
955 2401 1184 2451 longiuscule
1205 2402 1399 2451 produstO.
1455 2403 1515 2439 De
1531 2401 1641 2440 Gravi
1670 2405 1706 2440 ὃς
1721 2401 1808 2440 Levi
1827 2402 1866 2440 in

282 2455 451 2491 manibus
473 2455 583 2492 habui
612 2458 802 2505 integrum
830 2459 866 2494 ὅ(
881 2458 1017 2506 grande
1033 2457 1225 2502 volumen,
1254 2455 1313 2493 sed
1334 2457 1438 2504 quod
1460 2467 1599 2507 praeter
1620 2457 1757 2494 nudam
1777 2457 1866 2494 deli·
1885 2471 1888 2475 ’
1927 2456 1931 2462 ’

283 2517 409 2543 ncatae
431 2508 583 2547 fabricae
606 2523 826 2560 compagem
854 2524 897 2549 ex
925 2510 1053 2556 titulis,
1091 2511 1294 2557 materiam,
1331 2522 1442 2562 prout
1471 2524 1553 2548 eam
1581 2522 1800 2564 conceperat
1827 2511 1867 2550 il·

282 2561 399 2598 lustris
416 2559 602 2611 Baconus,
644 2565 928 2613 absolventibus,
965 2566 1060 2603 nihil
1088 2564 1341 2616 descriptionis
1377 2566 1604 2604 continebat.
1660 2567 1865 2604 Includitur

282 2616 378 2652 hisce
404 2619 586 2665 exemplar
612 2630 820 2667 contextus,
850 2620 925 2657 sola
953 2622 1116 2670 capitum
1144 2622 1320 2657 lemmata
1349 2624 1546 2673 complexi,
1582 2623 1619 2658 δε
1641 2622 1791 2669 plenam
1824 2634 1866 2659 ex

287 2669 346 2707 ista
377 2675 562 2719 σκικγραφιζα
595 2674 852 2712 ῐιηᾶειτίοηειῃ
881 2687 982 2713 nunc
1009 2676 1133 2713 frustra
1165 2675 1396 2726 requirentis.
1452 2678 1510 2713 Dc
1533 2675 1661 2713 Denso
1690 2678 1725 2712 δε
1752 2678 1865 2723 Raro,

274 2737 374 2776 quae
403 2724 549 2762 ass'ervas
572 2728 616 2763 ab
643 2740 804 2766 extrema
829 2730 995 2767 authoris
1024 2730 1171 2777 incude,
1200 2743 1365 2781 quaeque
1385 2733 1423 2767 in
1451 2731 1692 2782 appendicem
1714 2733 1865 2768 venient

283 2781 501 2828 fragmenta,
530 2781 671 2817 utinam
688 2796 773 2820 eum
802 2786 950 2821 ineditis
981 2783 1237 2834 physiologicis
1258 2783 1480 2828 Verulamii,
1509 2787 1546 2821 in
1577 2786 1782 2836 apographa
1805 2799 1868 2836 per

278 2846 344 2870 >mc
362 2835 512 2871 redaffis
528 2845 569 2870 ex
591 2837 712 2884 legato
726 2836 993 2889 Bos-wemma,
1013 2839 1188 2884 subjicere
1204 2838 1306 2876 liceat
1322 2841 1426 2890 prelo
1441 2838 1612 2884 Batavo,
1634 2837 1693 2874 libi
1710 2839 1867 2877 invicem

285 2887 671 2936 commendationem,
701 2889 724 2926 sl
748 2893 902 2935 junffius
930 2894 1125 2944 prodeant,
1156 2894 1375 2945 praestitura.
1430 2895 1556 2942 Agere
1572 2895 1643 2938 jam
1660 2892 1766 2945 coepi
1780 2907 1868 2932 cum

285 2943 520 2993 typographo
549 2955 701 2993 magnac
727 2945 1065 2985 inistisindussriae
1090 2951 1126 2985 ὅ(
1155 2947 1390 2989 curiositatis5
1419 2949 1503 2985 faxo
1532 2947 1622 2985 nihil
1655 2948 1740 2990 juste
1765 2950 1869 2998 queri

283 2993 396 3046 pollis
418 2999 463 3034 dc
491 2999 563 3035 fide
586 2998 706 3036 nostra
730 3002 764 3036 δ(
794 3002 966 3048 candore,
996 3000 1021 3038 fi
1044 3003 1254 3040 editionem
1282 3004 1384 3053 illam
1414 3003 1506 3039 mihi
1529 3002 1747 3053 permiseris,
1778 3016 1865 3042 con·

283 3052 541 3091 iiimmandam
564 3065 643 3091 non
668 3053 739 3091 sine
769 3054 974 3092 honorifica
1001 3058 1053 3093 tui
1076 3059 1282 3095 mentione.
1341 3058 1409 3094 Sed
1441 3070 1627 3106 utcunque
1661 3056 1866 3106 constitues,

830 3120 844 3146 1
1774 3114 1868 3151 nihil
