1973 3570
289 140 959 209 HI’STORIAQONI
1009 146 1569 216 ETAUDITUS.
1759 183 1851 239 197

93 300 95 304 ,
126 262 199 304 ,IN
214 258 584 308 tubisifimiliter„&
597 261 712 309 tibiis,
741 263 780 300 ὅ(
793 263 985 310 cornibus,
1014 266 1052 301 &
1070 262 1207 306 fistulis,
1237 274 1348 314 atque
1363 268 1478 305 etiam
1500 271 1540 308 in
1555 283 1624 310 ore
1644 273 1711 314 ho-

92 317 208 355 'minis
226 315 430 362 fistulantiS,
458 328 539 365 quo
557 316 769 366 angustiora
783 317 869 356 sunt
889 320 927 356 δε
940 321 1060 368 magis
1076 320 1279 368 contracta,
1308 333 1358 359 eo
1377 323 1540 362 reddunt
1561 327 1700 368 sonum

94 373 329 413 acutiorem3
355 381 435 421 quo
454 372 588 410 latiora
616 382 681 411 aut
694 373 847 423 laxiora,
876 376 1102 423 graviorem.

143 427 201 467 IN·
212 426 315 465 tibiis
328 428 389 465 aer
403 422 535 464 'exiens
548 438 590 465 ex
605 427 796 465 foramine
811 429 990 478 propiore
999 430 1045 466 ad
1062 429 1245 481 spiritum,
1274 426 1398 470 reddit
1413 432 1550 472 sonum
1566 441 1705 477 acutio-

89 492 205 524 κως-
222 493 244 519 e
262 480 550 532 longinquiore,
575 485 809 532 graviorem:
838 493 879 521 ut
899 484 991 521 tibia
1005 486 1119 535 paulo
1141 487 1264 531 major
1278 487 1324 524 ad
1344 487 1518 528 foramen
1537 503 1693 543 proptus

93 539 129 576 ὃ(
146 538 277 579 minor
292 537 551 587 longinquius,
582 538 747 576 cundem
762 535 905 588 poffint
924 539 1081 577 reddere
1100 539 1252 578 sonum.

140 592 195 631 IN
211 591 466 631 instrumentis
479 591 706 630 chordarum
724 594 924 631 nonnullis
940 595 996 643 (ut
1017 595 1057 632 in
1074 595 1236 643 barbito,
1265 596 1426 644 citharis,
1456 602 1493 637 &
1508 598 1702 652 similibus)

88 643 317 690 inye'nerunt
336 646 514 685 homines
534 647 853 686 commoditatem
872 649 923 686 ad,
938 647 1195 688 extensionem
1211 663 1340 689 carum
1359 664 1506 704 praeter
1526 657 1704 696 extensio-

88 713 182 742 nem
199 704 375 753 primam,
402 713 445 753 ut
461 704 760 753 comprimentes
780 715 840 743 eas
855 703 992 755 digitis,
1021 705 1189 753 inferius,
1218 714 1282 744 aut
1297 706 1475 758 superius,
1505 722 1564 748 eas
1580 723 1704 751 exten-

87 757 182 800 dant
200 757 248 795 ad
267 758 534 796 alterationem
553 757 648 796 soni.

144 813 194 851 Sl
212 813 416 863 accipiatur
433 812 592 862 scyphus
611 815 751 852 vitreus
771 824 833 853 aut
849 821 1059 865 argenteus,
1088 818 1127 854 ὅ(
1145 818 1274 855 talitro
1293 812 1546 867 percutiatur,
1560 819 1586 858 ss
1607 834 1702 872 aqua

86 856 128 914 in
147 866 290 917 scypho
311 869 420 906 altius
443 867 661 916 ascenderit,
693 872 730 908 ὅ(
754 869 911 920 scyphus
931 871 1083 923 plenior
1105 871 1228 920 fuerit,
1259 874 1543 914 redditsonum
1560 880 1700 916 acutio-

86 931 194 964 tenu
219 920 246 959 fi
265 922 458 970 humilius,
487 925 524 961 ὅ(
544 923 702 974 scyphus
714 926 834 975 magis
847 936 985 964 vacuus
998 926 1124 974 fuerit,
1153 929 1378 976 graviorem.

137 978 192 1016 IN
215 987 357 1017 trunco
377 990 484 1026 cavo,
521 982 623 1027 quali
644 979 691 1017 ad
713 991 797 1017 aves
815 981 1076 1032 percutiendas
1099 992 1270 1030 utuntur,
1308 981 1334 1021 fi
1357 985 1440 1033 quis
1460 998 1528 1023 ore
1552 985 1698 1035 fistulet,

85 1031 246 1075 admoto
265 1044 334 1071 ore
358 1033 403 1072 ad
424 1035 584 1072 aiterum
605 1035 724 1072 finem
747 1037 886 1081 trunci,
914 1036 1112 1074 hebetatur
1136 1036 1275 1075 scilicet
1299 1038 1412 1076 sonus
1427 1041 1473 1078 ad
1497 1040 1697 1085 astantem3

85 1096 121 1124 at
141 1084 168 1124 fi
190 1088 395 1139 applicetur
418 1091 515 1128 auris
539 1091 585 1127 ad
610 1091 772 1128 alterum
795 1089 925 1137 finem,
956 1090 1080 1128 reddit
1103 1090 1240 1128 sonum
1263 1090 1531 1142 acutiffimum,
1568 1107 1610 1134 ut
1637 1099 1697 1136 vix

85 1142 238 1181 tolerari
257 1139 383 1193 poffit.

128 1197 259 1241 fiat·
278 1201 580 1249 experimentum
603 1197 645 1250 in
663 1207 803 1236 trunco
825 1211 869 1237 ex
888 1209 993 1252 parte
1012 1197 1079 1238 ubi
1103 1196 1314 1239 collocatur
1334 1204 1431 1240 auris
1451 1204 1618 1252 angusto,
1653 1218 1698 1244 ex

80 1261 188 1305 parte
213 1252 278 1291 ubi
293 1254 502 1292 collocatur
522 1266 566 1291 os
580 1254 715 1291 latiore
731 1251 785 1303 (δε
804 1265 825 1291 e
845 1254 1043 1303 converso)
1065 1265 1193 1293 utrum
1216 1256 1326 1294 sonus
1349 1258 1525 1295 reddatur
1540 1262 1698 1309 acutior,

81 1312 146 1349 aut
166 1308 330 1358 gravior,
365 1310 407 1347 in
433 1308 598 1347 modum
617 1307 857 1359 speculorum
883 1321 978 1360 quae
998 1311 1229 1349 contrahunt
1254 1322 1317 1349 aut
1342 1311 1523 1363 ampliant
1551 1315 1699 1362 obieeta

81 1360 191 1404 visus.

1694 526 1705 542 2

127 1454 210 1499 ‘De
220 1454 557 1511 multiplicatione,
577 1457 905 1512 augmentatione,
928 1455 975 1502 ό
990 1458 1258 1509 diminutione,
1280 1440 1642 1515 &flactionesbni.

131 1526 638 1581 V‘luENDUMquornodo
660 1527 774 1581 poffit
789 1530 1032 1569 artificialiter
1049 1531 1161 1569 sonus
1181 1533 1359 1578 majorari
1380 1534 1418 1570 δε
1437 1532 1707 1582 multiplicari}

80 1582 238 1634 Specula
251 1595 457 1635 utrumque
469 1585 650 1637 praestant
665 1588 706 1624 in
720 1586 811 1624 visu.
868 1587 1029 1625 Videtur
1045 1597 1172 1625 autem
1192 1587 1346 1625 reflexio
1362 1587 1481 1625 subita
1500 1587 1584 1625 soni
1599 1591 1696 1628 verti

78 1637 417 1690 inaugmentum:
445 1654 537 1679 nam
555 1641 582 1679 si
604 1650 676 1680 vox
693 1644 730 1679 ὃ(
753 1640 849 1679 echo
863 1638 969 1680 fimul
995 1642 1211 1689 reddantur,
1240 1642 1382 1680 neccffe
1406 1643 1454 1679 est
1474 1652 1516 1678 ut
1540 1655 1621 1680 non
1641 1645 1697 1681 di-

72 1693 285 1744 stinguatur
301 1695 429 1743 sonus,
457 1696 519 1735 sed
543 1699 761 1743 majoretur.
818 1698 945 1746 Itaque
966 1697 1050 1735 soni
1073 1697 1182 1750 super
1197 1697 1356 1736 flumina
1375 1698 1579 1751 ampliores
1600 1698 1698 1747 sunt,

59 1794 62 1797 ,
78 1748 279 1788 'resonante
298 1762 403 1800 aqua,
433 1755 470 1791 ὃς
490 1752 526 1790 se
541 1755 698 1791 uniente
712 1763 801 1790 cum
816 1751 913 1790 sono
928 1753 1118 1802 originali.

102 1830 104 1832 v
135 1805 306 1847 ΕῑιΛΜ
324 1810 467 1855 notavi,
504 1808 597 1845 faeta
616 1809 710 1846 aede
733 1807 898 1845 rotunda
920 1807 959 1845 in
980 1805 1227 1846 conductibus
1251 1807 1308 1856 (ut
1331 1808 1556 1858 loquuntur)
1588 1820 1696 1861 aqua-

79 1871 179 1907 rum,
216 1862 255 1898 &
277 1861 414 1900 deinde
437 1875 592 1901 caverna
616 1864 796 1913 oblonga,
834 1876 876 1901 ac
895 1873 979 1902 tum
1005 1863 1096 1901 aede
1118 1863 1264 1910 majore
1287 1863 1411 1912 (quale
1436 1862 1486 1900 est
1504 1863 1631 1902 videre
1652 1865 1696 1902 in

81 1916 224 1964 campis
246 1916 348 1961 juxta
372 1915 648 1971 Charingcross
672 1931 791 1969 prope
820 1916 1056 1968 Londinum)
1083 1915 1110 1956 si
1133 1918 1196 1955 fiat
1222 1919 1370 1956 elamor
1388 1930 1457 1970 per
1483 1917 1696 1968 fenestram,

79 1980 142 2007 aut
169 1971 307 2008 rimam
335 1973 434 2010 aedis
460 1975 658 2022 rotundae,
696 1977 733 2011 ὃ(
756 1975 823 2012 stet
850 1974 1034 2024 quispiam
1060 1974 1160 2020 juxta
1180 1973 1379 2011 fenestram
1403 1973 1503 2010 aedis
1528 1975 1697 2021 majoris,

77 2024 197 2075 longe
211 2027 484 2065 terribiliorem
507 2031 597 2067 cieri
618 2028 798 2080 rugitum,
826 2041 942 2078 quam
966 2029 1009 2066 fit
1027 2029 1074 2066 ad
1093 2038 1222 2068 aurern
1236 2028 1392 2076 alicujus
1410 2027 1557 2067 astantis
1577 2040 1698 2082 prope

78 2080 145 2120 ubi
158 2080 200 2127 fit
219 2082 375 2120 clamor.
1597 2096 1600 2100 ·

100 2157 102 2159 -
131 2136 340 2176 MEMINI
362 2134 401 2176 in
426 2139 582 2184 joculari
604 2139 698 2178 ludo
720 2150 916 2191 puparum,
945 2140 1186 2178 locutionem
1209 2141 1262 2176 ita
1281 2140 1356 2187 edi,
1384 2148 1426 2177 ut
1450 2138 1620 2178 audiatur
1639 2137 1694 2174 di-

78 2190 219 2239 strnue,
249 2191 310 2230 sed
331 2195 446 2243 longe
470 2196 614 2232 acutior
634 2197 672 2233 ὅ(
691 2197 826 2233 exilior
849 2207 963 2245 quam
979 2196 1020 2232 in
1045 2205 1200 2247 apert03
1229 2205 1271 2231 nt
1291 2195 1333 2231 fit
1357 2195 1398 2230 in
1417 2193 1574 2242 speculis
1596 2203 1692 2241 quae

77 2246 242 2288 reddunt
264 2247 386 2286 literas
408 2251 526 2299 longe
550 2252 776 2288 minutiores
796 2263 912 2300 quam
933 2250 1018 2287 sunt
1042 2252 1084 2287 in
1104 2249 1235 2286 medio
1250 2248 1469 2286 ordinario:
1499 2249 1554 2285 Ita
1579 2258 1620 2285 ut
1643 2247 1692 2284 vi-

79 2301 210 2339 deatur
228 2304 338 2355 plane
353 2304 466 2343 sonus
485 2315 552 2357 per
572 2315 692 2343 artem
706 2305 813 2343 reddi
829 2305 942 2356 poffe,
972 2307 1009 2342 &
1029 2305 1204 2354 amplior,
1235 2306 1273 2340 δε
1287 2303 1434 2353 exilior.

133 2358 341 2399 Tarsam
357 2362 463 2409 pueri
485 2371 608 2399 cornu
622 2372 726 2398 arcus
741 2358 834 2399 tenfi
857 2362 955 2397 inter
972 2359 1116 2406 dentes,
1147 2361 1184 2396 ὃς
1199 2357 1330 2407 sagitta
1349 2358 1566 2407 percutiunt
1581 2357 1690 2396 ehor-

75 2411 177 2459 dam,
215 2413 316 2452 unde
344 2415 513 2454 redditur
538 2415 651 2454 sonus
676 2418 794 2467 magis
822 2415 994 2462 sonoruS,
1032 2417 1069 2452 ὅ(
1096 2410 1196 2462 quast
1222 2413 1386 2450 bombus
1412 2413 1530 2463 longe
1554 2414 1690 2461 major,-

79 2466 236 2517 quamsi
249 2480 354 2508 arcus
374 2482 456 2508 non
470 2480 662 2510 teneretur
685 2484 706 2509 a
719 2471 914 2509 dentibus:
944 2469 1049 2518 quod
1065 2471 1253 2518 imputant
1271 2467 1472 2506 consensui
1494 2479 1609 2516 quem
1629 2468 1690 2505 ha-

80 2522 172 2564 bent
193 2523 270 2562 offa
284 2525 459 2564 dentium
480 2537 569 2564 eum
583 2527 660 2564 offe
674 2527 843 2567 auditus's
873 2523 1183 2576 quandoquidem
1203 2526 1241 2562 &
1259 2524 1320 2563 via
1333 2522 1448 2572 versa,
1477 2534 1521 2560 ex
1534 2522 1692 2561 stridore

81 2579 124 2617 in
139 2579 269 2618 auditu
283 2582 398 2618 etiam
413 2581 544 2618 dentes
555 2581 823 2632 obstupescant.

137 2635 417 2676 SIM1L11ER
432 2645 561 2686 tangat
581 2635 676 2675 hasta
690 2638 840 2688 lignum
856 2638 934 2675 cavi
955 2636 1068 2684 lyrae,
1096 2633 1314 2689 praesertim
1328 2633 1528 2672 foraminis
1547 2632 1589 2670 in
1608 2633 1690 2684 ipso

82 2689 130 2727 ad
144 2701 278 2728 cavum
292 2691 422 2738 finem,
451 2693 488 2729 δ(
503 2701 674 2730 teneatur
693 2693 869 2730 dentibus
889 2704 931 2729 ex
947 2693 1067 2729 altero
1081 2691 1169 2739 fine,
1199 2693 1236 2728 ὁ(
1254 2690 1362 2727 sonet
1377 2690 1476 2740 lyra3
1505 2688 1627 2735 major
1646 2688 1689 2726 fit

84 2743 198 2783 sonus
210 2755 277 2795 per
291 2745 578 2796 prehcnfionem
592 2747 777 2795 dentium,
807 2749 841 2784 ei
857 2747 996 2784 scilicet
1011 2745 1075 2796 qui
1093 2746 1304 2798 prehendit.
1457 2752 1460 2754 ’

139 2799 352 2839 CEnmss
363 2813 504 2840 IMUM
523 2801 572 2839 est
595 2802 697 2848 (licet
718 2813 799 2840 non
815 2801 1131 2853 animadversum)
1148 2800 1252 2851 quod
1263 2799 1315 2839 vis
1329 2800 1396 2837 illa
1410 2806 1505 2849 quae
1521 2797 1601 2850 post
1615 2798 1689 2848 pri,⁴

85 2864 188 2901 mam
203 2853 481 2907 percussionem
496 2857 616 2895 defert
627 2859 731 2908 pilas,
760 2867 823 2895 aut
837 2856 993 2907 sagittas,
1023 2867 1087 2895 aut
1110 2856 1261 2908 spicula,
1290 2858 1327 2894 &
1346 2853 1491 2901 similia,
1518 2848 1686 2911 consistat

84 2909 126 2946 in
145 2911 310 2960 partibus
325 2914 482 2952 minutis
506 2914 676 2963 corporis
690 2909 823 2959 emisti,
852 2915 889 2950 &
903 2924 985 2950 non
1000 2911 1040 2950 in
1054 2915 1138 2950 aere
1150 2921 1333 2964 perpetuo
1346 2910 1550 2953 deferente,
1579 2905 1687 2968 instar

84 2963 234 3015 scapha-2
249 2967 291 3004 in
310 2979 415 3016 aqua.
470 2970 558 3006 Hoc
577 2966 711 3018 pofito,
739 2967 948 3007 videndum
967 2964 1097 3006 uti-iim
1112 2979 1194 3005 non
1208 2961 1323 3018 poffit
1337 2963 1499 3002 diminui
1513 2961 1626 2999 sonus
1644 2970 1688 2997 m

83 3018 303 3068 mebatda,
320 3033 383 3060 aut
397 3022 578 3073 sclopeto,
606 3022 743 3072 absque
757 3034 893 3072 magna
907 3023 1169 3061 debilitatione
1183 3017 1438 3074 percussionis,
1461 3018 1536 3054 hoc
1551 3015 1685 3052 moda

86 3072 163 3112 Fiat
185 3074 394 3125 sclopetum
416 3090 504 3116 cum
518 3080 615 3117 tubo
638 3079 734 3117 bene
748 3077 850 3127 forti,
881 3088 922 3117 ut
946 3090 1030 3117 non
1053 3078 1161 3117 facile
1180 3078 1392 3127 frangatur÷
1420 3072 1512 3110 fiant
1536 3070 1576 3108 in
1590 3069 1688 3161 ttubo‘

1530 3137 1601 3174 qua
1621 3133 1692 3161 uor
