1973 3570
144 450 1028 534 FRANCJSCUS
1149 445 1612 532 BACON

190 626 1578 747 LECTORI.

1730 265 1830 318 217

240 960 341 996 runt,
370 950 473 998 quod
493 949 696 998 aliquando
715 950 760 987 ab
780 950 897 987 animi
912 948 1129 995 constantia,
1158 947 1298 999 saepius
1313 949 1358 986 ab
1374 947 1518 998 ingenii
1533 946 1685 986 levitate

239 1005 319 1043 fieri
349 1004 528 1045 vidimus;
556 1003 593 1051 ii,
622 1004 895 1054 qualescunque
911 1005 1064 1051 fuerint,
1092 1004 1161 1041 hac
1185 1004 1261 1041 fere
1280 1000 1496 1041 defensione
1510 1015 1683 1041 commu-

83 895 238 1083 SI
262 893 327 944 qui
357 893 498 932 fuerint
523 892 588 944 qui
615 893 655 931 in
679 903 850 932 veterum
876 890 1019 944 placitis
1046 885 1110 930 fibi
1135 891 1446 941 acquiescendum
1473 903 1555 944 non
1581 901 1685 942 puta·

240 1062 280 1097 ni
296 1058 345 1097 ufi
362 1059 465 1101 sunt5
493 1059 540 1106 se,
561 1060 648 1097 licet
663 1061 708 1097 ab
723 1061 946 1108 antiquitate
961 1059 1194 1105 desciverint,
1222 1069 1350 1096 tamen
1367 1071 1409 1096 ea
1423 1057 1567 1105 afferre,
1588 1069 1684 1106 quae

82 1126 172 1152 cum
194 1115 301 1152 sensu
324 1116 469 1167 optime
487 1116 735 1155 conveniant3
771 1125 881 1162 atque
903 1112 1077 1151 homines
1100 1111 1126 1150 fi
1145 1113 1220 1150 hoc
1238 1111 1303 1150 fibi
1324 1114 1364 1150 in
1385 1114 1555 1150 animum
1576 1113 1685 1151 indu-

0 1388 7 1433 ᾖ
79 1389 276 1439 potestates
296 1390 476 1436 auximus,
505 1399 616 1437 atque
639 1387 819 1434 judicium
835 1388 924 1436 ejus,
953 1388 1140 1426 damnatis
1161 1384 1371 1440 phantasiis,
1399 1397 1511 1435 atque
1526 1389 1567 1424 in
1583 1388 1682 1425 ordi-

0 1534 7 1603 ζ
80 1564 194 1603 atque
207 1554 337 1591 eadem
354 1567 410 1592 res
433 1552 473 1592 fit
490 1566 577 1591 cum
592 1553 698 1592 sensu
720 1552 889 1591 restituto
909 1556 946 1591 ὅ(
965 1554 1136 1591 liberato.
1192 1555 1333 1602 Neque
1346 1562 1542 1602 propterea
1556 1563 1688 1592 tamen

82 1180 167 1207 cere
186 1166 340 1220 possint,
370 1180 410 1207 ut
429 1170 648 1207 auctoritate
669 1181 750 1206 non
773 1168 1077 1220 perstringantur,
1105 1167 1168 1205 sed
1187 1165 1251 1204 fibi
1276 1165 1340 1216 ipsi
1363 1169 1400 1204 ὅ(
1424 1165 1582 1205 sensibus
1607 1179 1683 1205 ere—

82 1224 184 1271 dant,
224 1224 330 1261 facile
351 1226 391 1261 in
419 1235 552 1261 eorum
578 1234 697 1273 partes
715 1221 943 1261 tranfituros.
999 1224 1085 1262 Nos
1108 1235 1201 1260 vero
1225 1221 1373 1259 sensum
1398 1234 1469 1259 nec
1497 1222 1690 1260 contradi-'

79 1277 207 1317 stione
230 1279 463 1326 violavimus,
500 1291 572 1315 nec
594 1279 834 1316 abstrastione
853 1277 1084 1324 destruimus,
1121 1279 1158 1315 ὃ(
1181 1278 1381 1314 materiam
1405 1278 1438 1314 ei
1460 1277 1576 1326 longe
1596 1277 1684 1315 ube-

80 1334 235 1381 riorem,
263 1345 375 1382 quam
390 1335 466 1381 alii,
494 1334 744 1383 praebuimus,
774 1335 812 1371 &
825 1335 952 1371 multo
972 1333 1179 1370 ministerio
1194 1343 1339 1378 errores
1354 1332 1432 1378 ejus
1447 1332 1684 1381 restituimus,

80 1455 173 1482 nem
200 1443 344 1482 redacta
372 1446 530 1491 ratione,
568 1445 801 1482 munivimus
829 1446 866 1481 ὅ(
884 1443 1139 1484 firmavimus;
1178 1452 1220 1481 ut
1248 1441 1310 1480 alii
1337 1437 1569 1493 profeffione
1598 1455 1685 1491 qua-

78 1499 182 1546 dam,
218 1510 289 1536 nos
309 1499 424 1549 reipsa
446 1498 594 1536 sensum
613 1501 710 1537 tueri
730 1499 942 1540 videamur;
979 1508 1090 1547 atque
1112 1496 1351 1548 philosophia
1370 1497 1492 1534 nostra
1513 1509 1587 1535 una
1606 1497 1688 1536 fere

81 1610 194 1647 nobis
214 1609 262 1646 de
281 1609 486 1647 hominum
509 1609 583 1646 fide
606 1611 643 1647 ὅ(
666 1608 804 1647 assensu
822 1610 922 1658 large
946 1610 1182 1659 pollicemur,
1219 1619 1308 1645 cum
1333 1607 1456 1645 nostra
1479 1605 1574 1644 ratio
1596 1619 1686 1646 cum

81 1665 187 1702 nulla
207 1665 378 1716 priorum
403 1664 623 1711 consentiat,
663 1664 724 1701 sed
746 1665 856 1716 plane
879 1666 920 1701 in
943 1663 1130 1703 diversum
1153 1663 1285 1700 trahat.
1341 1663 1446 1701 Nam
1469 1660 1533 1710 qui
1555 1662 1687 1702 hucus-
1721 1684 1725 1687 -

81 1731 156 1769 que
173 1717 325 1772 pertaesi
343 1732 490 1766 eorum,
526 1732 621 1768 quae
643 1730 784 1757 veteres
804 1718 977 1767 afferunt,
1013 1718 1059 1756 ad
1084 1716 1352 1770 experientiam
1376 1720 1413 1764 ὅ(
1434 1716 1584 1755 sensum
1607 1727 1686 1756 tan-

82 1770 199 1824 quAm
219 1773 267 1812 de
281 1774 433 1825 integro
454 1775 491 1812 se
509 1775 765 1821 contulerunt,
796 1776 836 1811 in
851 1774 952 1813 hune
974 1774 1137 1812 modum
1151 1773 1230 1811 fere
1244 1771 1280 1810 se
1294 1772 1501 1823 gefferunt3
1531 1774 1573 1810 ut'
1586 1776 1686 1820 non-

83 1828 190 1868 nulla
215 1830 341 1881 primo
371 1829 574 1868 secundum
597 1829 743 1867 sensum
768 1831 901 1867 acriter
925 1831 962 1867 ὅ(
986 1830 1131 1868 strenue
1159 1826 1438 1877 inquisiverint;
1477 1840 1519 1865 ea
1542 1824 1686 1877 potiffi-

85 1895 194 1921 mum
209 1883 408 1931 sumentes,
437 1897 531 1934 quae
546 1886 619 1922 illis
634 1884 795 1922 maxime
817 1886 1006 1922 rationem
1021 1886 1140 1923 totius
1160 1883 1297 1921 habere
1310 1882 1385 1921 visa
1400 1882 1496 1920 sunt.
1552 1883 1686 1932 Atque

84 1953 127 1977 ex
160 1939 217 1976 his
245 1939 441 1976 confestim
475 1942 725 1992 experientiae
758 1940 971 1991 manipulis,
1014 1942 1051 1977 δε
1079 1950 1261 1988 tanquam
1293 1937 1519 1976 faffionibus
1551 1939 1688 1987 placita

84 1992 349 2040 confinxerint,
369 1994 516 2044 anguste
530 1998 566 2033 &
581 1995 824 2048 inaequaliter
838 1994 1104 2047 philosophati,
1133 1997 1171 2032 &
1185 1995 1315 2031 omnia
1330 1995 1453 2043 paucis
1467 1993 1688 2040 condonan-

83 2061 150 2088 tes,
206 2049 336 2098 Atque
359 2049 422 2086 iste
440 2060 568 2088 tamen
590 2050 726 2088 modus
747 2049 1050 2102 philosophandi,
1079 2050 1126 2088 ad
1148 2049 1262 2087 fidem
1282 2048 1495 2086 faciendam
1514 2047 1688 2097 saepenu-

83 2116 194 2143 mero
219 2105 361 2142 validus
386 2106 422 2141 ὃ(
447 2105 534 2143 felix
555 2104 625 2146 est;
666 2106 717 2143 ob
741 2103 921 2155 angustias
943 2106 1105 2155 pectoris
1127 2105 1297 2151 humani,
1334 2103 1439 2153 quod
1465 2103 1552 2150 illis,
1589 2115 1686 2151 quae

82 2172 157 2198 una
177 2162 214 2198 ὃ(
236 2157 360 2197 subito
375 2171 544 2198 mentem
569 2161 691 2198 subire
709 2161 872 2213 poffunt,
901 2162 1064 2199 maxime
1078 2170 1268 2207 movetur,
1296 2161 1334 2198 δι’.
1353 2158 1610 2207 acquiescendi
1626 2170 1687 2195 cu-

85 2215 217 2268 pidum
231 2225 374 2252 caetera
396 2216 454 2252 vel
471 2216 641 2265 negligit,
668 2217 728 2254 vel
743 2216 864 2253 modo
887 2216 1054 2264 quodam
1070 2228 1152 2253 non
1175 2213 1409 2267 perceptibili
1424 2212 1474 2250 ita
1498 2211 1534 2249 se
1548 2212 1686 2250 habere

85 2280 202 2322 putat,
231 2280 271 2306 ut
290 2270 354 2307 illa
376 2282 490 2322 pauca
508 2271 642 2319 quibus
661 2269 846 2320 phantasia
864 2272 1012 2320 impleri
1035 2280 1098 2308 aut
1113 2270 1236 2307 inflari
1259 2268 1464 2306 consuevit.
1520 2266 1576 2303 At
1597 2278 1688 2306 con·

86 2336 159 2372 tra,-
184 2337 256 2375 nos
271 2336 352 2361 non
372 2327 632 2375 manipulares,
662 2324 724 2362 sed
743 2326 878 2371 justum
892 2324 1113 2363 divinorum
1127 2335 1286 2374 operum
1302 2323 1505 2360 exercitum
1520 2320 1601 2373 post
1614 2330 1689 2366 nos

83 2380 284 2425 trahentes,
328 2381 365 2417 &
392 2393 434 2417 cx
462 2393 583 2430 aequo
612 2383 648 2418 ὃς
677 2380 883 2418 secundum
911 2378 1073 2417 summas
1103 2390 1231 2417 rerum
1257 2378 1564 2427 pronunciantes,
1605 2388 1688 2414 non

84 2436 264 2476 habemus
282 2433 360 2472 fere
385 2447 463 2484 quo
485 2447 556 2474 nos
576 2446 775 2483 vertamus,
813 2441 876 2473 aut
897 2446 940 2472 ex
964 2446 1036 2483 qua
1055 2443 1160 2486 parte
1178 2433 1325 2471 aditum
1347 2431 1392 2469 ad
1415 2431 1621 2469 humanam
1646 2431 1687 2469 fi·-

85 2492 174 2529 dem
204 2488 446 2539 reperiamus;
481 2503 569 2529 cum
598 2503 650 2540 ea,
688 2503 782 2540 quac
807 2490 1038 2537 adducimus,
1076 2490 1187 2526 altius
1210 2499 1324 2537 quarn
1348 2488 1541 2534 notiones,
1577 2487 1692 2524 latius

86 2558 200 2596 quam
220 2544 435 2590 hujusmodi
459 2548 724 2596 experimenta,
755 2546 791 2584 se
814 2545 1027 2583 extendant.
1082 2545 1210 2593 Itaque
1229 2542 1371 2581 necesse
1394 2541 1455 2589 est,
1483 2551 1525 2579 ut
1548 2553 1591 2579 ex
1614 2541 1690 2578 illis

85 2603 273 2654 pleraque,
300 2603 555 2652 praeproperis
579 2604 616 2639 ὅ(
635 2599 823 2652 propensis
842 2600 1017 2638 sensuum
1031 2597 1339 2651 prehensiorribus
1359 2609 1441 2634 non
1456 2594 1689 2643 satisfaciant,

87 2657 274 2693 nonnulla
304 2666 428 2692 autem
455 2656 558 2703 dura,
597 2659 634 2694 &
658 2655 765 2693 instar
789 2656 984 2706 religionis
1013 2655 1248 2692 incredibilia
1274 2653 1320 2690 ad
1348 2651 1471 2690 sensus
1498 2651 1689 2689 accedant.

89 2710 221 2748 Sensus
245 2711 348 2747 enim
374 2710 530 2747 humani
555 2711 689 2748 fallunt
714 2713 857 2760 utique,
894 2709 958 2747 sed
979 2718 1108 2747 tamen
1133 2711 1247 2747 etiam
1273 2708 1310 2745 se
1334 2706 1498 2745 indicant
1511 2720 1528 2748 ς·
1558 2718 1687 2744 verum

88 2777 232 2803 errores
248 2765 401 2817 praesto,
431 2766 568 2804 indicia
587 2764 754 2803 accersita
777 2766 873 2803 sunt.
928 2766 1056 2813 Itaque
1077 2767 1113 2802 ὅ(
1128 2775 1269 2802 novam
1288 2762 1436 2814 prorsus
1450 2761 1623 2800 tradendi
1637 2762 1689 2797 vi-

89 2833 150 2858 am
166 2815 317 2869 ingresfi
338 2819 476 2866 sumus,
507 2820 558 2857 rei
573 2818 637 2870 ipsi
656 2822 971 2860 convenientems
1000 2831 1082 2856 non
1101 2819 1339 2869 disputando,
1369 2828 1431 2855 aut
1451 2817 1618 2865 exempla
1638 2827 1688 2851 ra-

91 2888 127 2912 ra
151 2877 187 2912 ὅ(
211 2873 325 2924 sparsa
345 2875 589 2916 adducend03
619 2887 706 2912 cum
727 2886 885 2924 uterque
908 2874 995 2912 fidei
1018 2874 1210 2912 faciendae
1232 2873 1370 2912 modus
1391 2871 1540 2910 fortaffe
1565 2870 1690 2907 advet-

89 2929 147 2967 sus
171 2931 280 2967 nobis
295 2929 440 2967 futurus
465 2930 597 2977 fuisset,
626 2942 790 2978 quorum
814 2931 962 2967 decreta
976 2941 1047 2967 nec
1069 2930 1109 2966 in
1125 2941 1211 2967 cura
1234 2929 1454 2973 notionum,
1483 2937 1553 2963 nec
1573 2926 1613 2961 in
1627 2935 1690 2960 an-

90 2982 212 3034 gustiis
238 2986 485 3035 experientiae
511 2985 678 3022 absciss‘ae
707 2989 744 3024 ὅ(
774 2995 978 3032 truncatae,
1017 2982 1289 3033 fundata-sint:
1333 2983 1395 3020 sed
1424 2980 1691 3032 experientiam

90 3049 346 3076 coacervatam
370 3042 407 3077 ὅ(
430 3040 652 3078 continuam
676 3039 926 3086 adhibuimus,
946 3050 1059 3088 atque
1080 3038 1257 3076 homines
1278 3039 1323 3076 ad
1337 3038 1463 3075 fontes
1485 3045 1612 3071 rerum
1632 3034 1691 3070 ad·

90 3094 274 3140 duximus,
304 3105 345 3130 ac
367 3094 581 3132 universum
599 3095 809 3131 intellectus
831 3094 1042 3146 processum
1064 3096 1102 3132 δε
1121 3094 1372 3132 derivationes
1395 3091 1460 3127 sub
1475 3089 1608 3126 oculos
1628 3100 1694 3139 po·

91 3147 238 3186 suimus.
294 3148 419 3199 Qare
440 3150 655 3200 quicunque
675 3161 722 3188 eo
744 3150 876 3189 animo
899 3149 996 3198 sunt,
1025 3159 1066 3188 ut
1091 3159 1153 3188 aut
1173 3147 1401 3199 argumentis
1424 3145 1604 3190 nitantur,
1634 3151 1696 3178 aut

146 3204 211 3243 Vo
219 3214 256 3240 L.
288 3203 333 3239 Il.
794 3205 825 3242 Ε
840 3216 861 3242 e
1571 3197 1694 3247 paucis

99 3273 123 3303 2
