1973 3570
126 211 226 260 254
318 194 418 239 DE
471 185 1309 237 INTERPRETATIONE
1363 180 1785 230 NATURAE.

264 287 426 336 singulos
450 284 693 334 recognosco,
723 285 762 320 in
778 294 897 320 unum
921 292 1033 330 atquc
1057 280 1158 316 idem
1178 290 1326 330 tempus
1349 280 1603 316 coi'nccderit:
1634 281 1746 328 idque
1767 294 1857 329 quo-

265 342 386 380 modo
406 340 582 385 evenerit,
622 339 704 376 satis
724 339 851 374 mirari
872 348 953 373 non
978 335 1135 387 possum.
1195 335 1373 382 Cumque
1395 346 1489 370 unus
1515 347 1556 370 ex
1578 346 1687 371 coctu
1714 336 1858 385 respon-

265 397 383 442 diss'et,
413 408 500 433 eum
522 394 641 443 ipsum
660 395 735 430 hoc
747 395 873 429 otium
897 392 968 427 illis
983 390 1115 434 feciffe,
1145 401 1233 426 cum
1253 401 1347 437 quae
1363 389 1408 424 ab
1423 389 1491 425 illo
1512 389 1774 440 exspectarent,
1792 392 1859 438 ⁶illi

266 454 445 490 ducerent
462 451 568 487 omni
585 449 743 497 negotio
758 450 916 498 potiora.
973 446 1102 493 Atque
1119 444 1173 491 (ut
1189 444 1300 480 video
1316 442 1449 490 inquit)
1468 443 1632 480 universa
1650 446 1710 481 illa
1730 446 1863 487 jatrum

272 509 350 551 ejus
374 505 476 554 quod
498 505 560 541 hic
578 503 819 540 consumetur
841 502 1034 552 temporis,
1064 511 1143 547 quo
1165 508 1264 535 certe
1279 510 1345 535 vos
1370 497 1519 546 separati
1545 499 1673 535 multis
1699 503 1862 537 mortali-

276 563 343 599 bus
362 559 595 612 profuiss'ctis,
624 558 669 594 ad
697 569 798 593 meas
818 557 981 593 rationes
1006 554 1167 591 accedet.
1222 553 1337 604 Qiod
1357 551 1380 589 ss
1407 554 1456 588 ita
1476 551 1534 598 est,
1564 553 1764 590 videndum
1783 568 1864 606 pro-

271 617 383 662 festo,
422 627 470 651 ne
493 626 560 650 vos
579 614 718 650 diutius
746 623 893 651 morer3
931 608 1036 646 simul
1063 608 1231 645 consedit
1251 607 1386 655 absque
1415 606 1580 656 suggesto
1600 619 1661 645 aut
1682 609 1865 658 cathedra,

271 671 334 709 sed
354 684 394 707 ex
412 681 532 716 aequo
553 680 641 705 cum
664 668 838 706 caeteris;
868 676 977 712 atque
1001 662 1217 707 hujusmodi
1234 662 1416 710 quaedam
1440 662 1534 710 apud
1551 674 1636 698 eum
1659 663 1866 702 consessum

272 727 382 764 verba
407 725 505 761 fecit.
564 725 665 759 Nam
686 722 804 756 aiebat
827 721 892 767 qui
918 720 1007 755 hacc
1022 719 1203 763 narrabat,
1234 718 1268 754 se
1291 718 1354 753 illa
1368 726 1449 753 tum
1472 717 1644 768 excepisse
1668 728 1708 754 ut
1723 722 1867 769 potuit:

273 783 361 819 licet
383 791 468 816 cum
489 777 585 827 apud
602 775 635 812 se
651 788 725 811 una
746 786 831 811 cum
848 776 917 810 illo
937 775 1061 809 amico
1081 772 1158 818 su0,
1187 773 1251 820 qui
1273 783 1360 807 cum
1382 772 1649 817 introduxerat,
1681 785 1720 808 ea
1743 766 1867 824 recop—

274 835 456 878 nosecret,
492 831 668 867 fateretur
688 841 729 865 ea
754 830 869 876 longe
895 827 1074 864 inferiora
1097 828 1153 872 iis,
1183 837 1276 873 quae
1301 835 1384 862 tum
1409 826 1505 862 dicia
1530 825 1657 873 ess'ent,
1686 828 1759 865 visa
1787 829 1866 866 effe,

276 888 499 938 Exemplum
527 894 652 921 autem
677 881 869 928 orationis,
906 882 1009 929 quod
1035 883 1131 917 circa
1156 879 1192 917 se
1212 880 1381 925 habebat,
1419 880 1642 931 proferebat.
1698 883 1795 920 illud
1820 886 1870 922 ita

277 944 455 993 scriptum
471 950 567 976 erat:
595 951 662 975 vos
676 948 776 975 certe
790 937 868 983 filii,
899 936 1072 973 homines
1088 935 1186 976 estiss
1215 934 1290 971 hoc
1305 935 1363 980 est,
1393 945 1432 972 ut
1449 947 1520 984 ego
1535 933 1713 983 existimo,
1742 950 1822 976 non
1839 951 1872 975 a·

276 1000 464 1036 nimantcs
483 994 605 1038 erecti,
637 993 695 1029 sed
710 993 798 1029 Divi
824 992 1010 1028 mortales.
1065 992 1168 1027 Deus
1194 989 1326 1026 mundi
1342 989 1519 1026 conditor
1543 991 1579 1026 &
1599 990 1767 1039 vestrum,
1797 995 1873 1030 ani—

280 1065 358 1090 mas
382 1051 489 1089 vobis
513 1047 678 1094 donavit,
709 1048 842 1084 mundi
863 1044 969 1098 ipsius
992 1056 1162 1096 capaces;
1190 1056 1260 1081 nec
1279 1054 1407 1080 tamen
1432 1056 1478 1081 eo
1499 1043 1578 1093 ipso
1598 1047 1730 1092 quovis
1754 1049 1874 1085 modo

279 1106 469 1144 satiandas.
524 1105 650 1151 Itaque
678 1102 791 1139 fidem
816 1102 969 1139 vestram
996 1098 1060 1136 fibi
1087 1098 1247 1148 seposuit
1273 1101 1309 1136 &
1336 1100 1502 1144 retinuit,
1542 1101 1728 1138 mundum
1755 1102 1874 1140 sensui

280 1159 472 1200 attribuit;
500 1168 631 1196 neutra
649 1167 774 1195 autem
799 1157 945 1193 oracula
966 1155 1062 1192 clara
1082 1155 1151 1191 effe
1165 1155 1298 1199 voluit,
1328 1153 1388 1189 sed
1412 1155 1603 1195 involut113
1632 1167 1754 1204 neque
1769 1160 1874 1206 queri

281 1215 444 1267 potestiS,
472 1213 497 1251 si
512 1225 578 1251 vos
602 1222 779 1258 exerceat,
807 1211 1115 1260 quandoquidem
1135 1209 1391 1246 excellentiam
1416 1220 1539 1245 rerum
1563 1211 1750 1258 rependat.
1805 1212 1875 1249 At-

282 1284 357 1319 que
383 1270 430 1306 de
453 1269 561 1306 rebus
581 1268 716 1304 divinis
738 1268 883 1318 optima
905 1266 951 1302 de
976 1266 1082 1302 vobis
1103 1263 1230 1313 spero;
1267 1265 1363 1299 circa
1389 1262 1549 1299 humana
1569 1275 1707 1311 autem,
1745 1278 1877 1304 metuo

282 1327 402 1372 vobi5‚
431 1337 478 1361 ne
499 1324 696 1360 diuturnus
718 1334 822 1359 error
842 1333 908 1358 vos
925 1319 1140 1369 usuccperit.
1196 1317 1373 1354 Existimo
1393 1319 1495 1353 enim
1517 1319 1589 1354 hoc
1613 1321 1708 1371 apud
1730 1333 1795 1358 vos
1817 1335 1876 1373 pt}

284 1383 385 1418 nitus
405 1379 524 1418 credi;
556 1390 622 1415 vos
643 1376 733 1414 statu
749 1378 803 1414 uti
828 1375 1063 1412 scientiarum
1084 1374 1243 1410 florente
1259 1375 1295 1408 δε
1316 1373 1432 1408 bono.
1487 1373 1571 1421 Ego
1595 1374 1715 1411 rursus
1734 1387 1880 1414 moneo

285 1447 365 1482 vos,
394 1447 443 1471 ne
469 1444 615 1478 eorum,
645 1443 738 1479 quae
758 1431 910 1475 habetis,
939 1439 1002 1466 aut
1025 1430 1184 1478 copiam,
1215 1437 1276 1463 aut
1291 1428 1491 1464 utilitatem
1516 1426 1613 1475 quasi
1627 1428 1672 1465 ad
1696 1442 1879 1480 magnum

287 1489 440 1539 aliquod
456 1487 635 1535 fastigium
660 1486 788 1530 eveeii,
817 1487 853 1521 ὅ(
868 1494 1048 1521 votorum
1073 1491 1281 1532 compote8‚
1312 1491 1373 1518 aut
1392 1482 1579 1519 laboribus
1598 1483 1794 1532 peffunfii,
1824 1498 1882 1523 ac·
1904 1475 1912 1488 ’

284 1545 440 1594 cipiatis.
496 1542 611 1589 quue
626 1538 671 1577 sic
693 1538 942 1579 considerata
971 1536 996 1575 fi
1017 1549 1173 1574 omnem
1189 1537 1293 1573 illam
1314 1537 1537 1587 scriptorum
1552 1539 1779 1586 varietatem,
1809 1552 1880 1589 qua

289 1599 462 1637 scientiae
480 1605 629 1634 tument
646 1597 682 1632 &
704 1596 948 1640 luxuriantur,
976 1594 1179 1639 excutiatis,
1209 1594 1246 1629 &
1260 1591 1306 1628 de
1331 1601 1390 1637 60,
1418 1592 1520 1640 quod
1537 1591 1720 1640 adferunt,
1751 1595 1882 1645 scripta

289 1656 356 1692 illa
378 1652 633 1701 interpelletis,
670 1652 707 1687 &
728 1648 847 1687 striete
871 1651 907 1686 ὅ(
931 1648 1043 1698 press'e
1070 1648 1306 1687 examinetis5
1346 1644 1481 1694 ubique
1506 1649 1694 1697 reperietis
1718 1649 1884 1694 ejusdem

289 1710 343 1746 rei
364 1708 602 1759 repetitiones
618 1703 799 1745 infinita33
827 1704 960 1750 verbis,
988 1703 1134 1749 ordine,
1163 1702 1351 1750 exemplis,
1381 1712 1491 1749 atque
1510 1700 1752 1740 illustratione
1767 1705 1884 1743 diver-

288 1764 354 1810 sas,
384 1773 509 1799 rerum
530 1760 672 1797 summa
687 1762 723 1796 δε
746 1759 926 1811 pondere,
952 1770 994 1794 ac
1012 1770 1097 1794 vera
1119 1757 1294 1806 potestate
1315 1757 1541 1804 praelibatam,
1571 1769 1611 1793 ac
1628 1758 1783 1795 demum
1800 1760 1885 1800 ‚fere

290 1821 459 1857 itcratass
488 1827 528 1853 ut
553 1817 591 1851 in
608 1826 745 1864 pompa
767 1823 961 1866 paupertas
974 1810 1032 1852 fit3
1065 1815 1102 1849 ὃ(
1121 1814 1161 1849 in
1178 1812 1284 1848 rebus
1309 1811 1441 1855 jejunis
1461 1810 1653 1849 fastidium.
1709 1814 1840 1862 Atque
1859 1813 1885 1852 fi

290 1872 485 1910 vobiscum
509 1867 740 1907 familiariter
764 1870 869 1917 loqui
900 1870 936 1905 &
964 1868 1079 1913 jocari
1102 1867 1169 1904 hac
1196 1866 1242 1902 de
1260 1878 1297 1902 te
1318 1864 1435 1911 liceat,
1471 1865 1619 1904 videtur
1638 1867 1807 1906 dourina
1826 1881 1884 1907 ve-

291 1928 361 1965 stra
383 1938 523 1964 coenae
548 1923 644 1961 illius
669 1923 823 1973 hospitis
847 1918 1104 1970 Chalcidensis
1128 1919 1335 1960 finiillima3
1373 1922 1438 1967 qui
1465 1933 1551 1958 cum
1580 1923 1885 1972 interrogaretur,

293 1983 394 2019 unde
407 1992 485 2018 tani
509 1981 607 2018 varia
621 1980 793 2020 venati05
823 1977 1027 2029 respondit,
1054 1977 1118 2013 illa
1133 1977 1262 2013 omnia
1284 1975 1537 2012 condimentis
1552 1988 1593 2012 ex
1615 1977 1808 2016 mansueto
1825 1977 1886 2016 sue

292 2037 363 2074 effe
390 2035 492 2073 facta.
550 2036 687 2082 Neque
708 2034 811 2070 enim
834 2033 1030 2082 negabitis,
1059 2029 1267 2068 universam
1290 2029 1392 2066 istam
1418 2031 1578 2080 copiam,
1615 2033 1671 2068 nil
1694 2033 1794 2071 aliud
1817 2034 1887 2071 ess'e

291 2102 406 2140 quam
427 2091 647 2141 portionem
667 2088 853 2136 quandam
874 2086 1130 2138 philosophiae
1151 2084 1403 2125 Graecorum3
1433 2097 1589 2134 eamque
1609 2096 1708 2123 certe
1727 2089 1887 2125 minime

293 2148 335 2183 in
356 2146 447 2184 saltu
468 2154 529 2181 aut
544 2143 652 2193 sylvis
667 2153 818 2180 naturae
833 2143 1035 2182 nutritam3
1065 2139 1124 2178 sed
1146 2142 1186 2177 in
1207 2139 1341 2176 scholis
1361 2142 1397 2176 ὅ(
1412 2139 1523 2187 cellis,
1552 2150 1730 2188 tanquam
1751 2141 1887 2180 animal

293 2198 540 2238 domesticum
566 2197 783 2247 saginatum.
841 2198 878 2234 Si
903 2198 1005 2234 enim
1031 2208 1051 2232 a
1075 2194 1236 2233 Graecis
1259 2194 1376 2242 iisque
1397 2194 1518 2243 paucis
1543 2194 1767 2243 abscedatur,
1797 2199 1888 2248 quid

295 2255 449 2293 tandem
463 2253 602 2290 habent
615 2254 673 2290 vel
690 2250 869 2298 Romani,
888 2252 947 2289 vel
962 2247 1128 2296 Arabes,
1157 2251 1215 2287 vel
1230 2247 1354 2295 nostri,
1374 2249 1476 2297 quod
1493 2261 1574 2286 non
1588 2250 1634 2286 ab
1649 2249 1903 2300 Aristotelis,-

296 2308 497 2355 Platonis,
511 2305 778 2359 Hippocratis,
793 2304 945 2353 Galem',
956 2302 1151 2351 Euclida,
1162 2302 1382 2342 Ptolemaei
1390 2306 1549 2341 inventis
1559 2305 1759 2353 derivetur,
1775 2317 1836 2344 aut
1848 2309 1889 2345 in

297 2366 427 2402 eadem
451 2363 611 2400 recidat?
649 2364 776 2410 Itaque
798 2360 932 2399 vidctis
955 2361 1100 2399 divitias
1123 2358 1252 2397 vestras
1274 2359 1343 2395 effe
1362 2370 1566 2407 paucorum
1590 2359 1740 2401 census;
1777 2371 1890 2411 atque

298 2421 339 2456 in
356 2419 413 2456 sex
432 2417 579 2455 fortass'e
594 2416 797 2454 hominum
817 2414 1017 2461 cerebellis,
1047 2414 1124 2465 spes
1145 2416 1181 2451 δε
1195 2414 1365 2450 fortunas
1385 2415 1560 2450 omnium
1576 2412 1656 2451 sitas
1676 2415 1755 2452 else.
1812 2417 1889 2455 Ne-

298 2485 371 2522 que
398 2484 489 2511 vero
517 2472 658 2509 idcirco
686 2473 789 2509 Deus
808 2472 915 2509 vobis
943 2471 1084 2508 animas
1103 2467 1300 2506 rationales
1329 2467 1478 2513 indidit,
1522 2479 1562 2506 ut
1591 2469 1756 2506 authoris
1784 2470 1889 2512 vestri

298 2538 418 2577 partes
442 2527 567 2573 (fidem
593 2526 732 2563 scilicet
754 2526 917 2573 vestram,
952 2536 1045 2573 quae
1067 2525 1154 2561 Deo
1180 2525 1217 2560 ὅ(
1238 2522 1374 2559 divinis
1396 2523 1565 2571 debetur)
1589 2525 1807 2561 hominibus
1828 2526 1891 2563 de·

298 2583 465 2620 ferretis:
494 2593 616 2630 neque
631 2580 753 2618 sensus
767 2580 1083 2618 informationem
1105 2578 1252 2615 firmam
1267 2579 1304 2614 &
1318 2578 1478 2615 validam
1494 2577 1672 2625 attribuit,
1701 2588 1741 2615 ut
1756 2591 1890 2628 pauco·

301 2648 386 2674 rum
402 2635 604 2673 hominum
619 2647 744 2685 opera,
774 2635 835 2672 sed
851 2645 891 2672 ut
915 2632 1021 2687 ipsius
1035 2634 1108 2671 Dei
1124 2644 1247 2685 opera,
1277 2633 1426 2669 coelum
1451 2635 1488 2670 δ(
1502 2643 1637 2670 terram
1657 2636 1889 2687 contempla-

302 2689 460 2729 remini;
489 2690 613 2727 laudes
635 2691 713 2736 ejus
735 2689 976 2736 celebrantes,
1004 2692 1040 2727 &
1064 2688 1250 2738 hymnum
1267 2687 1474 2724 Conditori
1498 2687 1614 2726 vestro
1629 2698 1814 2736 canentes,
1845 2691 1891 2727 iis

300 2748 413 2784 etiam
428 2744 524 2791 viriS,
551 2741 577 2782 fi
595 2745 725 2794 placet,
757 2744 867 2793 (nihil
883 2743 984 2783 enim
999 2743 1128 2792 obstat)
1150 2741 1189 2782 in
1204 2742 1363 2781 chorum
1380 2744 1544 2792 receptis.

1741 2941 1776 2987 F
1779 2959 1895 2992 rane.
