1973 3570
101 235 200 290 330

753 199 1383 260 PRAEFATIO.

273 310 394 356 larum
409 311 673 364 omnigenum,
703 312 739 348 &
758 309 1010 358 aenigmatum
1035 309 1071 344 ὅ(
1086 307 1359 356 parabolarum,
1389 307 1427 343 <Sc
1447 305 1735 345 similitudinum
1754 311 1866 359 plena

274 381 400 410 erant:
429 381 539 417 atque
554 380 617 420 per
634 366 723 403 haee
737 365 898 402 docendi
913 365 1021 408 ratio,
1037 375 1117 398 non
1133 362 1346 398 occultandi
1357 361 1555 398 artificium
1571 361 1775 411 quaesitum
1791 366 1838 402 est
1848 372 1864 408 ,⁴

275 427 428 465 rudibus
448 422 583 462 seilicet
598 432 688 459 tune
703 418 883 471 temporis
896 417 1097 455 hominum
1117 415 1287 465 ingeniis,
1304 418 1340 452 &
1356 415 1577 464 subtilitatis,
1604 416 1671 453 nisi
1686 430 1779 466 quae
1801 420 1867 458 sub

276 480 421 520 sensum
437 479 601 523 cadebat,
619 475 898 524 impatientibus
924 476 961 510 <Se
982 472 1058 509 fei-e
1074 471 1318 520 incapacibus.
1375 472 1478 507 Nam
1507 481 1548 508 ut
1575 473 1872 526 Hieroglyphica,

276 538 404 582 literis,
425 537 475 571 ita
499 532 694 582 parabolae
722 527 949 578 argumentis
978 536 1082 564 crant
1107 527 1349 574 antiquiores.
1406 525 1537 574 Atque
1557 528 1671 563 etiam
1699 540 1813 576 1111116,
1841 528 1870 566 fi

277 590 359 640 quis
380 600 520 627 novam
536 589 575 624 in
590 585 774 633 aliquibus
789 584 912 621 lucem
927 582 1100 619 humanis
1121 577 1309 617 mentibus
1332 578 1522 617 affundere
1537 580 1637 627 velit,
1661 581 1772 629 idque
1787 595 1871 622 non

278 644 526 683 incommode
541 644 578 678 ὅ(
597 640 732 689 aspere,
749 637 896 688 prorsus
916 637 1046 674 eadem
1060 638 1117 674 via
1132 633 1369 671 insistendum
1384 634 1443 681 est,
1473 635 1509 671 ὃ(
1532 636 1576 672 ad
1591 634 1872 676 similitudinem

280 699 412 738 auxilia
441 695 752 745 confugiendum.
807 694 932 744 Qiare
960 702 1053 742 quae
1081 689 1175 726 dicia
1204 689 1299 736 sunt,
1329 691 1379 726 ita
1408 689 1630 727 claudemus.
1688 691 1874 743 Sapientia

281 753 387 806 prisci
404 753 547 797 saeculi,
572 761 634 787 aut
649 760 796 797 magna,
812 756 874 783 aut
898 746 984 782 felix
1001 744 1070 781 fuit
1087 759 1095 780 ε
1128 755 1274 792 magna,
1300 741 1325 780 fi
1348 744 1578 781 deindustria
1598 748 1804 795 excogitata
1824 747 1875 785 cst

281 803 399 859 figura
418 806 487 843 sive
502 816 647 854 tropus:
677 801 775 848 felix,
799 800 824 838 st
844 799 1017 837 homines
1032 800 1131 836 aliud
1160 808 1322 847 agentes,
1351 800 1546 835 materiam
1582 802 1619 836 δε
1641 800 1876 839 occasionem

284 873 408 901 tantae
436 859 806 910 contemplationum
836 852 1008 904 dignitati
1041 853 1253 902 praebuere.
1309 853 1476 903 Operam
1498 864 1623 891 autem
1643 855 1807 893 nostram
1837 856 1878 903 (fi

287 916 377 967 quid
398 918 436 952 in
457 927 497 952 ea
512 912 553 951 fit
571 912 674 963 quod
699 908 815 960 juvet)
845 912 883 946 in
903 919 1034 945 neutra
1062 920 1101 944 re
1125 908 1222 944 male
1249 908 1479 945 collocatum
1500 909 1738 947 censebimus.
1794 911 1878 950 Aut

287 974 393 1009 enim
413 969 673 1017 antiquitatem
695 964 968 1010 intimabimus,
992 972 1054 999 aut
1070 974 1125 999 res
1151 961 1252 1012 ipsas.
1309 963 1444 1010 Neque
1464 962 1606 1001 nescius
1633 964 1702 1001 ess'e
1731 965 1881 1014 poss'um

288 1027 385 1065 hane
406 1036 487 1061 rem
507 1023 553 1060 ab
572 1021 647 1060 aliis
669 1030 849 1058 tentatam
865 1019 934 1056 ess'e
952 1032 959 1054 :
989 1017 1050 1054 scd
1070 1027 1197 1054 tamen
1219 1028 1259 1054 ut
1279 1016 1382 1065 quod
1398 1016 1564 1064 sentiam,
1585 1019 1750 1070 eloquar,
1767 1019 1881 1069 idque

289 1093 371 1119 non
391 1076 581 1124 fastidiose,
605 1076 666 1113 sed
686 1076 815 1120 libere,
839 1075 915 1119 ejus
931 1073 1040 1110 decus
1066 1075 1102 1109 ὃ(
1127 1071 1242 1109 virtus
1270 1084 1312 1108 ex
1341 1071 1555 1118 hujusmodi
1581 1073 1766 1112 laboribus
1793 1074 1881 1113 licet

290 1133 435 1185 magnis
451 1135 486 1170 ὃ(
499 1129 671 1181 operofiS,
692 1131 769 1167 fere
787 1128 913 1181 periit:
951 1128 1043 1164 dum
1063 1126 1236 1164 homines
1260 1139 1385 1163 rerum
1414 1125 1590 1177 imperiti,
1619 1131 1656 1166 ὅ(
1677 1141 1758 1166 non
1785 1132 1883 1168 ultra

289 1192 395 1229 locos
412 1198 533 1225 certos
548 1197 771 1224 communes
793 1184 906 1230 docti,
926 1183 1185 1234 parabolarum
1201 1181 1322 1218 sensus
1336 1182 1380 1218 ad
1396 1181 1556 1230 vulgaria
1571 1184 1753 1230 quaedam
1772 1187 1805 1220 ἃ
1823 1197 1883 1234 gc-

288 1245 428 1283 neralia
447 1240 734 1293 applicaverunt,
755 1250 864 1290 atque
888 1237 1093 1276 earundem
1108 1238 1184 1274 vim
1205 1249 1330 1273 veram
1347 1238 1382 1272 ὃ(
1397 1239 1662 1285 proprietatem
1680 1238 1884 1288 genuinam

289 1312 332 1337 ae
351 1299 635 1347 indagationem
650 1296 826 1332 altiorem
842 1306 921 1330 non
936 1294 1151 1340 attigerunt.
1210 1293 1294 1328 Nos
1308 1301 1433 1327 autem
1450 1294 1586 1329 crimus
1616 1292 1670 1341 (ni
1699 1293 1882 1343 fallimur)

291 1352 330 1392 in
347 1354 454 1390 rebus
469 1352 624 1400 vulgatis
639 1349 728 1388 novi
743 1367 757 1392 ‚-
787 1351 824 1386 δε
838 1358 961 1400 aperta
980 1349 1016 1384 ὅ(
1030 1348 1139 1395 plana
1154 1357 1174 1381 a
1189 1355 1298 1395 tergo
1313 1347 1579 1394 relinquentes,
1595 1349 1641 1385 ad
1658 1347 1834 1387 ulterior-:i
1847 1352 1885 1388 δε

292 1407 429 1447 ditiora
444 1406 653 1444 tcndcmus.

1043 1820 1141 1861 DE

536 1953 1636 2052 SAPIENTIA
1889 2099 1892 2101 4

299 2124 439 2266 V
545 2128 662 2265 E
764 2124 916 2261 T
1024 2126 1139 2261 E
1230 2127 1362 2261 R
1460 2127 1593 2262 U
1688 2129 1889 2268 M.

677 2448 718 2480 1.
754 2432 1117 2486 CAssANDRA‚
1141 2431 1240 2494 five
1261 2427 1513 2495 Parrhqfia.

306 2568 751 2729 NARRANT
780 2570 1032 2626 Caffandram
1054 2572 1102 2609 ab
1123 2569 1305 2624 Apolline
1323 2572 1532 2611 adamatam
1559 2573 1674 2622 fuiss'e,
1703 2584 1813 2626 atque
1837 2589 1895 2616 va-

504 2630 565 2665 riis
579 2627 734 2666 artificiis
748 2629 826 2675 ejus
853 2627 1026 2666 desideria
1049 2625 1196 2674 elusisse,
1225 2626 1302 2679 spes
1326 2627 1574 2666 nihilominus
1601 2630 1740 2678 fovisse,
1761 2632 1895 2679 quous-

505 2695 577 2730 que
610 2684 771 2721 domum
803 2683 1044 2721 divinationis
1078 2682 1125 2719 ab
1161 2695 1209 2720 eo
1236 2681 1458 2724 extorsissem
1513 2693 1595 2720 tum
1630 2696 1720 2722 vero
1748 2687 1895 2724 naEtam

507 2738 610 2784 quod
632 2739 677 2775 ab
701 2735 812 2776 initio
830 2736 1127 2776 dissimulatione
1149 2737 1211 2774 sua
1240 2736 1472 2786 quaesivisset,
1501 2749 1622 2786 preces
1650 2740 1727 2784 ejus
1749 2752 1896 2792 apertae

310 2789 483 2835 reiieiffe3
511 2788 728 2830 illum'cum
746 2794 849 2842 quod
873 2803 1016 2831 temere
1035 2793 1188 2842 largitus
1202 2802 1278 2829 erat
1295 2793 1404 2830 nullo
1426 2793 1546 2829 modo
1569 2804 1741 2831 revocare
1765 2796 1895 2844 posset,

311 2848 348 2882 ὃ(
367 2855 496 2882 tamen
515 2844 673 2882 vindicta
687 2848 840 2897 arderet,
866 2860 937 2885 1166
956 2846 1145 2885 foeminae
1160 2847 1312 2884 callidae
1332 2847 1497 2885 ludibrio
1516 2846 1585 2883 esse
1606 2849 1729 2895 vellet,
1746 2853 1895 2888 muneri

309 2900 380 2939 ,suo
399 2912 561 2951 poenam
578 2900 748 2938 addidisse
763 2918 778 2944 ‚-
821 2913 862 2940 ut
886 2904 949 2941 illa
976 2901 1129 2951 quidem
1151 2914 1237 2940 vera
1265 2902 1408 2954 semper
1429 2900 1663 2950 praediceret,
1688 2903 1750 2940 sed
1778 2917 1898 2943 nemo

312 2953 345 2991 ei
359 2954 525 2992 crederet
540 2972 555 2998 ,-
584 2956 707 3006 itaque
724 2954 906 2994 vaticiniis
920 2959 995 3003 ejus
1015 2956 1146 2995 veritas
1164 2956 1295 2999 affuit;
1323 2957 1412 2993 fides
1427 2954 1544 2993 defuit
1562 2970 1570 2991 :
1612 2959 1713 3006 quod
1742 2957 1803 2996 illa
1818 2971 1896 3010 per-

310 3018 427 3059 petuo
455 3019 600 3062 experta
622 3010 670 3047 est
692 3011 806 3047 etiam
825 3013 866 3048 in
894 3011 1038 3049 excidio
1066 3012 1203 3063 patriae
1223 3011 1317 3058 suae,
1347 3011 1394 3048 de
1421 3023 1494 3059 qua
1517 3009 1656 3060 saepius
1685 3025 1897 3063 monuerat,

311 3062 462 3102 nemine
478 3064 705 3103 auscultante
729 3074 791 3102 aut
814 3065 1000 3103 credente.
1056 3067 1192 3103 Fabula
1217 3067 1264 3103 de
1297 3063 1546 3114 intempestiva
1575 3068 1611 3102 ὅ(
1641 3066 1765 3105 inutili
1790 3068 1897 3106 liber-

312 3128 388 3157 tate
408 3117 650 3160 consiliorum
683 3121 722 3158 &
748 3121 986 3158 monitorum
1013 3120 1172 3159 conficta
1199 3121 1371 3158 videtur:
1412 3118 1475 3170 qui
1498 3122 1601 3158 enim
1631 3123 1788 3172 ingenio
1812 3122 1897 3161 sunt

1123 3184 1142 3199 ‘D

1122 3199 1142 3226 9
1571 3200 1577 3205 ,
1819 3189 1898 3228 pes-
