1973 3570
55 226 153 284 278

583 222 1055 271 COGITATA
1112 224 1224 270 ET
1286 223 1492 277 VlSA

235 331 425 374 penetrare
463 318 587 373 possit.
653 323 986 375 Quemadmodum
1029 323 1133 359 enim
1166 322 1310 359 saeculis
1343 323 1539 371 prioribus,
1584 334 1671 359 cum
1719 316 1843 363 homi.-

237 389 302 414 nes
344 376 382 413 in
427 377 635 426 navigando
687 391 750 429 per
792 378 977 414 stellarum
1014 388 1164 414 tantum
1206 377 1479 414 observationes
1524 377 1670 413 curium
1709 377 1840 426 dirige-

238 432 339 476 bant,
377 442 441 468 eos
461 433 592 469 veteris
627 432 709 469 sane
743 431 969 469 continentis
1008 444 1090 469 oras
1119 432 1251 480 legiffc,
1293 442 1355 468 aut
1392 433 1507 468 maria
1535 432 1657 478 aliqua
1693 434 1846 469 minora.

242 485 282 522 ἃ
298 483 593 523 Mediterranea
616 487 811 531 trajeciss'e:
840 486 979 524 necess'e
996 497 1119 523 autem
1141 485 1254 533 fuiss'e,
1282 486 1389 524 usum
1417 499 1500 522 acus
1515 485 1692 532 nanticae,
1722 497 1762 523 ut
1774 487 1841 523 du·

246 552 330 576 cem
361 539 438 577 viae
466 539 582 589 magis
607 541 736 587 fidum,
774 541 986 588 innotuifl'e,
1027 551 1224 592 antequam
1250 553 1408 578 oceanus
1434 539 1674 586 trajiceretur,
1712 543 1747 577 δε
1776 553 1844 577 110-

242 593 277 630 vi
310 595 410 631 orbis
450 597 621 643 regiones
658 597 931 645 detegerentur.
991 595 1110 634 Simili
1149 595 1294 647 prorsus
1331 597 1488 640 ratione,
1526 607 1620 642 quae
1653 595 1847 643 hucusque·

241 647 281 685 111
310 648 446 686 artibus
492 652 530 686 ὃς
571 650 731 687 scientiis
774 651 977 687 hominum
1016 652 1167 687 inventa
1206 650 1299 698 sunt,
1340 648 1494 700 potuisti:
1541 648 1722 695 instineiu,
1767 650 1846 697 usu,

242 702 513 749 obiervatione,
543 706 800 751 meditatione,
830 704 972 754 aperiri,
999 715 1134 755 utpote
1158 704 1273 742 sensui
1289 704 1472 757 propiora.
1527 703 1848 754 Antequamvero

243 758 288 794 ad
305 759 508 794 remotiora
524 761 559 795 ὅ(
575 760 782 795 occultiora
799 771 950 796 naturae
970 761 1152 807 appellere
1175 761 1292 805 liceat,
1322 758 1517 796 necessario
1546 759 1772 806 praecedere,
1803 769 1846 795 01

244 813 382 848 melior
409 814 445 847 δε
466 813 661 862 perfectior
686 816 823 850 mentis
844 814 1027 850 humanae
1044 812 1126 849 usus
1154 816 1188 850 ἃ
1205 813 1417 865 adoperatio
1446 813 1664 850 inveniatur.
1720 815 1847 864 Quare

245 866 503 910 hujuscemodi
528 866 723 905 inventum
750 868 1002 916 proculdubio
1025 866 1203 918 temporis
1218 878 1362 919 partum
1390 864 1677 913 nobiliflimum,
1707 870 1743 905 ὅ(
1759 880 1844 905 vere

245 919 452 957 masculum
474 921 554 959 effe.
611 921 749 959 Rursus
777 922 813 959 in
832 921 1011 973 scripturis
1033 921 1134 959 sacris
1150 923 1316 969 notabat,
1347 920 1575 960 Salomonem
1591 934 1728 971 regem,
1757 934 1849 960 cum

246 972 418 1025 imperio,
448 987 551 1022 auro,
580 976 854 1024 magnificentia
881 988 1049 1028 operum,
1080 976 1266 1024 satellitio,
1295 976 1492 1023 famulitio,
1523 976 1711 1014 servorum
1734 979 1769 1013 &
1797 977 1849 1014 fa-

247 1030 442 1065 mulorum
471 1030 719 1080 pulcherrima
734 1031 1029 1081 descriptione&
1053 1031 1196 1077 ordine,
1225 1032 1328 1069 class'e
1358 1031 1517 1082 insuper,
1548 1033 1715 1067 nominis
1742 1032 1846 1068 clari-

248 1083 392 1129 tudine,
422 1086 458 1120 &
480 1083 624 1122 summa
638 1086 838 1122 hominum
856 1085 1102 1123 admiratione
1118 1087 1280 1133 floreret,
1309 1086 1360 1124 nil
1377 1086 1515 1123 horum
1535 1096 1662 1123 tamen
1676 1084 1739 1122 fibi
1763 1087 1844 1135 glo-

248 1137 321 1174 riae
345 1139 492 1183 duxiffe,
522 1152 652 1177 verum
669 1143 718 1177 ita
740 1141 1008 1190 pronuntiasse:
1030 1139 1198 1193 gloriam
1218 1140 1306 1179 ‘Dei
1325 1139 1394 1192 esse
1419 1153 1498 1178 rem
1525 1138 1659 1187 celare,
1679 1139 1854 1192 gloriam

251 1192 353 1244 regis
367 1199 496 1230 antem
511 1195 796 1232 remjuvenire:
826 1209 905 1233 non
923 1198 1030 1233 aliter
1051 1208 1091 1233 ac
1120 1194 1145 1232 fi
1165 1195 1287 1234 divina
1308 1208 1437 1233 natura
1458 1194 1652 1233 innocenti
1674 1198 1709 1232 ὃς
1738 1196 1851 1232 benc-

248 1250 342 1284 volo
357 1259 557 1297 puerorum
579 1250 670 1286 ludo
686 1251 938 1296 deleti-aretur,
968 1250 1029 1302 qui
1051 1250 1138 1287 ideo
1154 1250 1187 1287 sc
1208 1250 1443 1288 abscondunt
1458 1261 1498 1288 ut
1514 1251 1777 1290 inveniantur3
1805 1262 1853 1286 ac

249 1304 419 1339 animam
438 1303 641 1340 humanam
666 1304 729 1342 fibi
753 1305 981 1343 collusorem
1014 1305 1052 1342 in
1081 1306 1153 1343 hoc
1170 1306 1272 1352 ludo,
1302 1318 1377 1357 pror
1394 1306 1454 1342 sua
1478 1307 1517 1342 in
1533 1305 1707 1342 homines
1729 1303 1850 1342 indul-

251 1355 376 1405 gentia
392 1360 427 1393 δε
444 1358 612 1396 bonitate
635 1362 827 1409 optaverit.
882 1360 1010 1411 Atque
1026 1361 1119 1396 hanc
1143 1359 1354 1397 inveniendi
1374 1359 1530 1409 gloriam
1552 1371 1633 1396 eam
1649 1359 1729 1405 eii'c,
1757 1371 1853 1410 quae

251 1412 456 1448 humanam
485 1424 656 1451 naturam
685 1416 873 1459 nobilitet,
903 1427 974 1451 nec
1004 1413 1153 1451 interim
1178 1416 1352 1465 cuiquam
1382 1415 1600 1451 mortalium
1628 1412 1780 1450 molesta
1807 1412 1854 1450 fit

254 1468 311 1511 (ut
339 1465 458 1503 civilia
473 1468 541 1505 efi'e
572 1467 705 1516 solent)
738 1481 806 1506 nec
833 1468 1102 1506 conscientiam
1126 1467 1163 1504 in
1194 1468 1318 1520 aliquo
1333 1479 1542 1506 remoretur
1574 1479 1637 1505 aut
1665 1469 1852 1515 mordeat,

253 1521 316 1557 icd
332 1523 495 1557 omnino
516 1523 695 1559 meritum
719 1526 755 1560 &
781 1524 1003 1560 beneficium
1028 1521 1103 1560 fine
1131 1524 1283 1569 alicujus
1306 1523 1477 1573 pernicie,
1506 1522 1638 1568 injuria
1664 1533 1730 1561 aut
1747 1522 1861 1560 tristi«

253 1577 317 1621 tia,
345 1575 497 1613 deferat,
552 1576 660 1614 Lucis
688 1577 789 1614 enim
813 1589 982 1615 naturam
1015 1590 1143 1627 puram
1174 1581 1210 1616 ὅ(
1239 1579 1373 1629 absque
1405 1577 1588 1616 maleficio
1617 1577 1710 1618 ess'e3
1740 1577 1851 1615 usum

253 1631 331 1675 ejus
356 1631 526 1681 perverti,
555 1631 669 1680 iplam
691 1645 771 1670 non
795 1632 923 1682 pollui.
982 1633 1121 1671 Rursus
1148 1636 1258 1670 etiam
1275 1634 1476 1671 hominum
1497 1631 1610 1671 studia
1627 1635 1662 1670 &
1677 1631 1855 1670 ambitio*

255 1697 320 1720 nes
339 1695 523 1736 reputans,
551 1685 618 1724 tria
634 1687 848 1725 ambitionis
861 1700 997 1737 genera
1012 1687 1224 1740 reperiebat,
1253 1687 1278 1725 fi
1297 1690 1416 1726 modo
1431 1688 1496 1726 uni
1524 1701 1566 1725 ex
1582 1689 1626 1724 iis
1644 1685 1681 1724 id
1704 1696 1858 1725 nomen*

254 1738 451 1788 imponere
467 1740 520 1777 fas
538 1739 604 1782 fits
633 1745 795 1792 primam
811 1755 957 1790 eorum,
985 1742 1048 1794 qui
1069 1744 1114 1780 ad
1141 1746 1329 1794 propriam
1354 1746 1564 1796 potentiam
1593 1745 1632 1780 in
1648 1740 1770 1791 patriis
1785 1741 1855 1779 suis

253 1793 551 1843 amplificandam
580 1809 715 1847 magna
741 1797 986 1836 contentione
1014 1798 1203 1835 seruntur:
1236 1809 1347 1847 atque
1380 1799 1475 1836 hanc
1503 1799 1691 1847 vulgarem
1717 1796 1785 1834 ess'e
1814 1799 1854 1835 δί

253 1849 491 1898 degenerem.
549 1852 757 1889 Secundam
773 1865 918 1899 eorum,
946 1854 1009 1903 qui
1033 1855 1170 1902 patriae
1198 1852 1279 1891 suae
1295 1853 1502 1905 potentiam
1531 1853 1627 1890 inter
1641 1852 1855 1889 humanum

252 1916 371 1953 genus
395 1905 597 1953 provehere
618 1906 799 1955 nituntur,
829 1920 922 1956 quae
945 1908 1029 1944 sane
1052 1908 1133 1959 plus
1161 1908 1271 1945 habet
1294 1907 1495 1959 dignitatis,
1524 1906 1731 1959 cupiditatis
1756 1907 1855 1945 haud

250 1960 390 1996 minus.
447 1961 618 1997 Tertiam
646 1975 791 2009 eorum,
831 1964 896 2014 qui
922 1962 1086 1999 hominis
1121 1961 1237 2012 ipsiuS,
1270 1961 1341 2002 five
1369 1962 1524 2001 humani
1546 1964 1691 2012 generis
1721 1973 1855 2012 poten-

251 2015 346 2049 tiam
373 2015 409 2050 ὅ(
438 2013 636 2064 imperium
664 2019 705 2054 in
725 2030 846 2054 rerum
870 2016 1140 2055 universitatem
1168 2018 1364 2056 instaurare
1389 2021 1427 2056 ὅ(
1455 2020 1626 2056 attollere
1645 2027 1853 2057 conantur;

253 2079 348 2118 quac
368 2069 518 2117 reliquis
533 2072 785 2121 proculdubio
809 2075 845 2108 ὃς
875 2072 997 2109 sanior
1012 2072 1060 2109 est
1088 2075 1123 2109 ὅτ
1138 2073 1334 2122 angustior.
1389 2074 1568 2111 Hominis
1593 2081 1718 2109 autem
1738 2073 1855 2121 impc-

254 2122 354 2159 rium
373 2123 450 2160 sola
474 2124 621 2163 scientia
648 2127 831 2163 constare:
860 2137 1008 2164 tantum
1031 2126 1133 2164 enim
1161 2128 1277 2179 potest
1301 2139 1484 2179 quantum
1504 2128 1588 2164 scit:
1617 2138 1739 2175 neque
1762 2128 1855 2164 ullas

256 2179 352 2214 vires
385 2179 610 2216 naturalium
638 2181 826 2219 caularum
846 2192 1016 2218 catenam
1045 2182 1271 2232 perfringere
1297 2183 1418 2235 poffe:
1447 2193 1617 2220 naturam
1646 2182 1749 2218 enim
1770 2194 1853 2219 non

258 2234 365 2268 aliter
385 2245 497 2283 quam
513 2237 679 2284 parendo
706 2238 816 2273 vinci.
875 2235 1075 2285 Cogitabat
1099 2239 1212 2274 etiam
1228 2240 1264 2275 &
1284 2237 1414 2276 animo
1427 2239 1609 2283 volvebat,
1637 2238 1760 2287 qualia
1783 2234 1855 2273 sint

260 2300 355 2337 quae
375 2288 421 2324 de
436 2291 570 2325 virtute
586 2302 626 2326 ac
641 2292 678 2328 vi
692 2293 935 2328 inventorum
955 2301 1033 2328 tam
1055 2290 1209 2341 simplici
1237 2295 1272 2330 δε
1294 2306 1407 2339 mera,
1435 2304 1547 2344 quam
1575 2305 1616 2328 ea
1645 2303 1738 2340 quae
1766 2303 1863 2329 cum,

262 2343 402 2379 merito
432 2345 467 2379 ὃ(
490 2344 673 2382 beneficio
701 2347 899 2391 conjunaa
924 2344 978 2393 111,
1014 2346 1284 2396 cogitationem
1313 2347 1431 2385 subire
1455 2347 1613 2396 possunt.
1670 2345 1730 2383 Ac
1749 2347 1869 2383 illam‘

265 2397 418 2443 quidem
444 2410 525 2435 non
553 2398 590 2435 111
613 2402 693 2437 aliis
717 2400 940 2438 manifestius
968 2413 1173 2449 occurrere,
1210 2414 1323 2450 quam
1360 2401 1398 2440 in
1429 2401 1543 2439 tribus
1573 2403 1645 2438 illis
1685 2399 1862 2448 inventis,

264 2463 356 2500 quae
381 2454 416 2488 δε
433 2450 505 2501 ipsa
528 2453 684 2506 antiquis
709 2454 912 2505 incognita,
943 2458 978 2492 &
1006 2468 1169 2503 quorum
1197 2457 1400 2506 primordia
1429 2455 1540 2493 ctiam
1566 2454 1673 2493 nobis
1701 2455 1858 2493 obscura

265 2507 479 2553 &ingloria
507 2507 625 2554 [11111,·,
650 2509 734 2547 artis
763 2511 947 2547 nimirum
975 2511 1229 2560 imprimendi,
1258 2510 1421 2562 pulveris
1448 2508 1680 2548 tormentarii
1699 2512 1735 2546 δε
1768 2522 1856 2547 acus

266 2562 444 2597 nauticae.
500 2564 598 2600 Haec
613 2566 717 2600 enim
732 2567 812 2611 tria,
842 2577 1003 2602 numero
1018 2565 1154 2602 scilicet
1174 2578 1299 2617 pauca,
1328 2578 1370 2602 ac
1404 2568 1561 2604 inventu
1582 2577 1663 2602 nou
1690 2565 1856 2602 multum

265 2614 383 2660 devia,
413 2617 692 2666 rerumfaciem,
722 2621 756 2656 ὃ(
776 2620 906 2656 statum
922 2619 960 2656 111
977 2621 1067 2656 orbe
1091 2629 1271 2657 terrarum
1295 2621 1466 2658 mutasse:
1495 2619 1658 2672 primum
1679 2621 1719 2656 in
1748 2631 1787 2656 rc
1815 2620 1859 2656 li*-

266 2670 410 2714 teraria,
441 2669 642 2709 seeundum
666 2676 704 2710 in
731 2687 768 2711 re
793 2674 937 2720 bellica,
965 2676 1118 2711 tertium
1143 2676 1181 2711 in
1204 2688 1243 2712 re
1271 2674 1402 2722 navali,
1432 2676 1530 2713 unde
1546 2672 1705 2711 infinitas
1729 2686 1858 2712 rerum

268 2725 495 2759 mutationes
520 2725 655 2763 secutas
679 2729 759 2776 effe,
788 2731 964 2766 attentius
979 2728 1208 2766 intuentibus
1232 2730 1444 2782 conspicuas
1459 2747 1473 2772 ς
1503 2739 1543 2767 ut
1559 2740 1638 2765 non
1655 2729 1857 2778 imperium

267 2776 430 2828 aliquod,
458 2790 539 2814 non
555 2780 656 2827 secla,
685 2795 766 2820 non
790 2784 888 2820 stella
916 2785 1098 2830 majorem
1124 2781 1325 2821 efficaciam
1355 2787 1391 2821 &
1409 2782 1506 2832 quafi
1529 2782 1712 2820 influxum
1734 2782 1773 2820 in
1799 2796 1857 2821 res

268 2833 447 2869 humanas
469 2833 628 2870 habuill'e
657 2838 832 2885 videatur,
862 2851 972 2886 quam
999 2837 1061 2875 ista
1083 2839 1297 2876 mechanica
1312 2839 1529 2876 habuerunt.
1586 2838 1704 2889 Quod
1730 2848 1857 2876 autem

268 2887 313 2923 ad
332 2889 463 2924 merita
477 2889 622 2934 attinet>
652 2891 689 2926 id
703 2895 845 2941 optime
867 2895 1017 2944 percipi,
1047 2891 1072 2929 fi
1100 2893 1180 2941 quis
1194 2892 1411 2940 confideret,
1441 2902 1623 2941 quantum
1646 2891 1783 2929 interfit
1805 2894 1864 2930 in-

270 2952 327 2977 ter
351 2942 551 2979 hominum
573 2942 684 2980 vitam
708 2947 746 2982 in
771 2944 1012 2984 excultiiiima
1040 2949 1161 2998 aliqua
1175 2945 1352 2999 Europae
1365 2948 1565 2997 provincia,
1594 2948 1686 2983 &in
1702 2949 1859 2996 regione

270 2997 392 3043 aliqua
410 3008 506 3033 nova
522 2994 659 3034 Indiae
685 2999 843 3037 maxime
869 3002 945 3038 fera
961 3004 997 3038 ὅ(
1013 3003 1174 3040 barbara.
1230 3005 1397 3039 Tantum
1414 3001 1497 3038 sane
1527 3011 1567 3038 ut
1581 3003 1720 3038 merito
1736 3003 1860 3039 homi-

269 3062 360 3086 nem
390 3050 538 3088 homini
560 3053 685 3089 Deum
705 3054 784 3100 effe,
815 3067 894 3092 non
920 3056 1041 3092 solum
1071 3069 1112 3093 cx
1145 3055 1282 3094 auxilio
1316 3059 1351 3093 &
1375 3056 1568 3102 beneficio,
1599 3056 1659 3092 sed
1688 3068 1729 3093 cx
1753 3056 1859 3094 status

272 3105 551 3156 comparatione
569 3104 777 3159 dicipossit.
833 3110 962 3159 Atque
976 3111 1047 3148 hoc
1058 3122 1138 3150 non
1150 3111 1282 3158 solum,
1311 3112 1563 3158 uouendum,
1595 3122 1673 3149 non
1688 3123 1858 3162 corpora,

1795 3165 1857 3203 sed

1824 3245 1845 3267 ,Ί
