1973 3570
127 237 188 299 56

548 221 975 272 HISTORIA
1046 219 1539 267 VENTORUM.

314 325 350 365 8.
380 325 416 365 C
428 337 477 365 112
487 338 543 366 CA
558 326 632 364 hoe
646 326 742 363 bene
757 323 793 361 se
808 323 991 375 expedivit
1007 324 1047 360 in
1062 322 1246 370 aliquibus
1262 320 1437 357 industria
1451 321 1626 366 humana,
1643 321 1729 357 licet
1744 324 1867 369 magi<-

261 394 304 419 ex
328 381 410 419 casu
433 394 545 430 quam
561 393 603 418 ex
628 380 779 425 judicio.
838 380 941 416 Nam
965 380 1004 414 in
1027 388 1143 415 vento
1165 377 1320 415 laterali,
1351 375 1579 412 contrahunt
1608 386 1751 423 partem
1774 378 1865 421 veli,

261 448 355 485 quae
369 444 485 475 vento
501 437 728 486 opponitur-3
748 443 931 482 quantum
943 432 1112 481 poss'unt3
1128 441 1238 478 atque
1251 430 1325 466 hoc
1341 430 1461 466 modo
1474 439 1630 466 ventum
1648 431 1861 467 immittunt

262 493 302 528 in
317 503 399 528 eam
422 501 566 540 partem
581 501 652 539 qua
675 488 762 525 flare
776 488 898 524 debet.
955 487 1086 534 Atque
1105 486 1179 522 hoe
1202 495 1329 534 agunt,
1359 486 1397 521 ὅ(
1415 484 1561 521 volunt.
1621 484 1692 520 Sed
1707 485 1862 523 interim

261 546 335 583 hoc
362 545 524 593 sequitur
548 543 666 593 (quod
689 542 835 579 fortass'e
854 554 935 579 non
957 541 1099 588 vident)
1117 549 1157 577 ut
1180 549 1313 578 ventus
1332 537 1373 575 fit
1398 538 1639 586 contractior,
1668 540 1706 575 ὃς
1729 539 1858 576 reddat

261 596 415 651 percussi
423 611 538 637 onem
553 599 669 647 magis
684 606 841 633 acutam.

313 665 351 701 9.
380 656 511 705 an
535 653 619 690 addi
643 647 754 701 poss'rt
778 651 974 688 industriae
995 650 1179 687 humanae
1203 649 1244 684 in
1271 648 1338 685 liae
1362 657 1478 697 parte,
1516 659 1596 684 non
1621 647 1754 688 vide03
1790 646 1859 686 nisi

260 719 426 745 mutetur
447 707 563 757 figura
585 708 624 743 in
650 706 752 750 velis,
783 707 818 742 ὃ(
838 705 927 742 fiant
950 706 1072 752 aliqua
1094 704 1175 740 vela
1198 714 1278 739 non
1303 703 1489 739 tumentia
1513 703 1553 737 in
1577 702 1760 748 rotundo,
1799 702 1868 739 sed

261 762 369 799 instar
391 764 550 807 calcaris,
579 770 640 798 aut
663 761 853 808 trianguli,
881 771 968 796 cum
989 759 1094 794 malo
1108 768 1170 794 aut
1193 759 1300 805 ligno
1315 759 1356 793 in
1380 757 1448 792 illo
1464 757 1603 805 angulo
1626 758 1786 803 verticis,
1817 767 1860 795 ut

261 819 299 853 ὅ(
321 826 476 854 ventum
506 817 624 864 magis
652 814 874 856 contrahant
893 815 932 849 in
942 823 1105 857 acutum,
1122 810 1290 848 &secent
1305 813 1429 848 aerem
1440 821 1635 848 externum
1649 813 1855 861 potentius,

259 872 327 908 llle
354 881 479 907 autem
507 870 662 918 angulus
702 867 756 913 (ut
784 867 1018 912 arbitramur)
1057 877 1139 901 non
1174 864 1285 901 debet
1314 865 1383 901 ess'e
1420 867 1583 902 omnino
1612 876 1751 911 acutus,
1793 865 1856 903 sed

258 929 438 972 tanquam
452 923 658 971 triangulus
680 930 857 966 curtatus,
886 931 926 957 ut
942 920 1073 957 habeat
1096 919 1346 956 latitudinem.
1404 919 1540 966 Neque
1556 921 1669 956 etiam
1684 922 1862 958 novimus

259 979 349 1026 quid
372 978 613 1029 profuturum
628 975 739 1021 foret,
768 973 794 1011 fi
815 975 877 1012 fiat
891 985 1070 1023 tanquam
1092 974 1219 1011 velum
1235 974 1274 1010 in
1298 974 1404 1013 velo;
1435 973 1509 1010 hoc
1534 973 1593 1020 est,
1622 972 1648 1010 fi
1670 975 1710 1010 in
1729 975 1862 1012 medio

259 1033 331 1070 veli
355 1033 508 1077 alicujus
530 1030 695 1075 majoris,
723 1027 765 1066 sit
789 1027 895 1067 bursa
917 1029 1112 1077 quaedam,
1141 1039 1223 1065 non
1247 1029 1411 1064 omnino
1435 1028 1514 1064 laxa
1537 1040 1580 1065 ex
1603 1028 1764 1077 carbaso,
1798 1030 1861 1067 sed

259 1098 347 1123 cum
375 1087 482 1122 costis
517 1098 559 1122 ex
588 1085 710 1133 lignis,
755 1096 849 1132 quae
876 1094 1032 1122 ventum
1060 1083 1101 1119 in
1138 1082 1268 1120 medio
1298 1084 1370 1120 veli
1400 1084 1570 1131 excipiat,
1614 1084 1651 1120 δε
1679 1094 1789 1132 cogat
1817 1086 1860 1122 in

259 1151 423 1177 acutum.
1481 1180 1484 1183 Ι

319 1205 378 1231 10.
409 1196 511 1231 TER
523 1205 546 1230 T
558 1205 633 1231 Ius
648 1194 733 1232 fons
748 1190 979 1244 impulsionis
994 1191 1042 1229 est
1057 1205 1099 1229 cx
1115 1193 1203 1229 loeo
1217 1191 1282 1229 ubi
1296 1190 1338 1228 fit
1353 1187 1559 1240 percussi03
1588 1191 1691 1240 isque
1708 1193 1855 1244 duplex.

261 1250 363 1287 Nam
375 1261 416 1285 ex
429 1250 615 1286 anteriore
628 1259 730 1301 parte
742 1250 842 1285 navis
855 1248 1001 1284 facilior
1011 1247 1198 1285 &fortior
1213 1247 1260 1283 cst
1270 1244 1444 1295 impulsio
1456 1258 1569 1294 quam
1580 1258 1622 1283 ex
1631 1247 1856 1296 posteriore5

261 1305 299 1340 ὃ(
313 1313 355 1340 ex
371 1301 560 1354 superiore
578 1314 684 1355 parte
699 1304 787 1340 mali
802 1305 838 1340 ὅ(
852 1303 937 1347 veli,
967 1313 1080 1350 quam
1094 1302 1139 1338 ab
1154 1301 1345 1338 inferiore.
1709 1313 1712 1316 ⁴
1853 1346 1857 1349 ι

319 1369 334 1394 1
348 1369 379 1394 1.
410 1360 449 1396 N
460 1369 584 1408 EQUE
608 1359 681 1395 hoe
696 1357 877 1407 ignorass'e
900 1356 973 1393 visa
987 1356 1035 1393 est
1058 1356 1231 1393 industria
1246 1355 1420 1401 humana,
1451 1367 1538 1392 cum
1561 1358 1597 1393 ὅ(
1612 1355 1726 1394 flante
1741 1368 1858 1395 vento

260 1413 363 1449 resto
377 1414 579 1464 plurimam
594 1415 633 1449 in
648 1414 738 1450 velis
752 1413 841 1448 mali
856 1422 989 1460 prorae
1004 1410 1105 1462 spem
1120 1420 1286 1461 ponant3
1311 1411 1348 1446 ὅ(
1364 1411 1403 1449 in
1419 1411 1582 1447 malaciis
1598 1413 1635 1447 ὃ(
1649 1413 1864 1460 tranquilli--

260 1468 409 1513 tatibus,
447 1468 526 1505 vela
550 1479 569 1503 a
593 1468 741 1504 summo
763 1467 905 1515 erigere
927 1477 1007 1502 non
1031 1466 1234 1514 negligant.
1291 1465 1428 1512 Neque
1452 1465 1562 1501 nobis
1589 1467 1629 1501 in
1652 1466 1856 1516 praesentia

258 1523 435 1568 occurrit,
465 1521 555 1569 quid
580 1521 761 1558 humanae
777 1533 820 1557 cx
843 1521 909 1557 hac
923 1530 1025 1569 parte
1050 1519 1247 1556 industriae
1267 1519 1354 1555 addi
1369 1515 1495 1569 poffit,
1525 1518 1592 1556 nisi
1616 1520 1715 1556 forte
1729 1525 1861 1569 quoad*

257 1577 436 1624 primum,
465 1585 506 1613 ut
521 1573 793 1612 constituantur
807 1575 885 1612 duo
900 1584 961 1611 aut
976 1584 1050 1611 tres
1073 1575 1162 1610 mali
1186 1575 1225 1609 in
1248 1585 1361 1624 prora
1377 1573 1537 1619 (medius
1559 1574 1689 1622 renus,
1719 1577 1854 1625 reliqui

258 1630 441 1677 inclinati)
469 1642 632 1677 quorum
647 1631 728 1667 vela
738 1629 1017 1680 propendeant;
1046 1630 1083 1666 ὃ(
1102 1627 1226 1676 quoad
1243 1627 1447 1665 secundum
1462 1639 1503 1665 ut
1523 1630 1751 1679 amplientur
1773 1633 1855 1669 vela

258 1694 391 1734 prorae
404 1685 445 1721 in
460 1683 621 1730 summo,
650 1686 686 1721 &
701 1681 769 1720 fint
785 1685 910 1720 minus
924 1695 1036 1731 quam
1053 1682 1173 1719 solent
1188 1682 1257 1719 ess'e
1272 1683 1491 1720 acuminata.
1548 1685 1620 1722 Sed
1635 1684 1676 1722 in
1691 1695 1854 1734 utroque

258 1738 465 1775 cavendum
480 1738 731 1776 incommodo
744 1738 913 1790 periculi,
942 1750 984 1775 ex
999 1738 1116 1775 nimia
1130 1733 1366 1787 depressione
1381 1739 1499 1776 navis.

259 1942 1865 2019 MOTUS'VENTORUM

658 2058 713 2115 in
744 2057 862 2117 aliis
890 2057 1153 2116 machinis
1182 2057 1450 2118 humanis,

263 2245 295 2274 1.
450 2237 582 2273 Orus
610 2235 922 2274 molendinorum
949 2237 995 2274 ad
1021 2247 1182 2275 ventum
1209 2237 1305 2274 nihil
1332 2236 1444 2273 habet
1467 2234 1689 2285 subtilitatis,
1725 2240 1763 2276 δε
1790 2241 1848 2277 ni·

471 2291 678 2328 nilominus
698 2302 781 2328 non
804 2292 899 2328 bene
914 2292 1158 2328 demonstrari
1182 2293 1219 2328 ὅ(
1238 2291 1411 2341 explicati
1438 2290 1543 2329 solet.
1598 2293 1693 2330 Vela
1716 2295 1848 2332 consti-

257 2354 413 2381 tuuntur
430 2345 523 2380 reeta
539 2346 578 2381 in
594 2343 803 2396 oppositum
818 2346 921 2383 venti
936 2346 1070 2382 flantis.
1120 2346 1260 2383 Prostat
1274 2356 1400 2382 autem
1415 2347 1455 2382 in
1469 2356 1625 2384 ventum
1651 2360 1771 2385 unum
1797 2350 1848 2387 la-

257 2408 315 2435 tus
337 2399 421 2445 veli,
457 2399 614 2435 alterum
636 2401 729 2436 latus
751 2401 928 2450 paulatim
951 2400 1064 2436 flectit
1089 2400 1125 2437 se
1148 2403 1184 2437 ὅ(
1207 2400 1376 2437 subducit
1399 2412 1420 2437 a
1441 2411 1567 2439 vento.
1633 2402 1846 2441 Converfio

256 2462 382 2489 autem
404 2451 473 2491 five
494 2451 711 2489 consecutio
732 2464 869 2501 motus,
898 2454 939 2491 fit
954 2454 1097 2505 semper
1120 2466 1140 2491 a
1155 2452 1268 2491 latere
1291 2454 1484 2501 inferiore,
1511 2455 1585 2492 hoe
1608 2456 1656 2493 est
1670 2469 1718 2494 co
1740 2459 1850 2506 quod·

257 2507 437 2544 remotius
460 2506 507 2543 est
521 2519 541 2543 a
562 2517 689 2545 vento.
743 2507 799 2543 At
821 2519 952 2546 ventus
975 2508 1242 2560 superfundens
1261 2508 1297 2546 se
1320 2510 1359 2545 in
1374 2508 1568 2547 adversum
1589 2511 1795 2559 machinae,
1823 2525 1845 2551 a

257 2571 417 2609 quatuor
432 2562 521 2598 velis
536 2562 705 2607 atstatur,
721 2563 757 2598 ὅ(
773 2563 812 2597 in
827 2573 986 2609 quatuor
999 2564 1203 2600 intervallis
1216 2564 1315 2601 viam
1326 2562 1426 2601 suam
1442 2565 1538 2601 inire
1548 2567 1707 2614 cogitur.
1751 2567 1846 2606 Eam

255 2612 572 2664 compressioncm
588 2627 668 2652 non
683 2616 778 2652 bene
788 2617 922 2653 tolerat
936 2628 1088 2658 ventus;
1111 2619 1234 2665 itaque
1250 2618 1388 2655 nceess'e
1400 2619 1447 2655 est
1463 2629 1503 2656 ut
1517 2629 1695 2668 tanquam
1712 2622 1842 2660 cubito

255 2672 434 2717 percutiat
449 2671 561 2706 latera
575 2671 757 2716 velorum,
785 2671 822 2706 δε
836 2671 994 2722 proinde
1008 2681 1138 2719 vertat,
1167 2673 1488 2720 quemadmodum
1504 2674 1644 2711 ludicra
1658 2677 1841 2715 vertibula

254 2724 376 2773 digito
391 2724 533 2775 impelli
549 2726 586 2761 ὅ(
600 2726 693 2761 verti
709 2724 842 2761 solent.

309 2789 344 2815 2.
373 2780 513 2830 QUOD
540 2776 565 2814 fi
592 2779 671 2815 vela
698 2791 740 2815 ex
768 2791 889 2827 aequo
916 2779 1069 2830 expansa
1096 2780 1222 2828 essent,
1259 2781 1372 2819 dubia
1400 2794 1457 2819 res
1479 2781 1564 2819 ess'ct
1592 2794 1635 2819 ex
1663 2796 1735 2832 qua
1761 2797 1840 2835 par-

253 2841 291 2869 te
305 2832 403 2870 foret
426 2833 635 2878 inclinatio,
665 2843 704 2870 ut
729 2835 767 2870 in
783 2833 864 2871 casu
890 2833 1031 2875 baculi;
1058 2847 1145 2873 eum
1168 2846 1293 2873 autem
1307 2838 1523 2888 proximum
1546 2838 1639 2874 latus
1654 2839 1759 2886 quod
1778 2852 1840 2877 oc·

253 2888 367 2924 currit
390 2898 516 2933 vento,
545 2887 729 2938 impetum
752 2889 829 2934 ejus
843 2887 990 2934 dejiciat
1015 2891 1163 2928 inlatus
1191 2891 1359 2937 inferius,
1389 2901 1499 2938 atque
1523 2892 1629 2928 illine
1652 2894 1692 2928 in
1715 2893 1839 2944 spatia,

253 2952 413 2989 cumque
449 2943 542 2978 latus
571 2940 725 2978 inferius
747 2952 903 2980 ventum
932 2944 1099 2995 excipiat,
1135 2955 1314 2994 tanquam
1341 2946 1462 2995 palma
1487 2957 1618 2982 manus
1644 2957 1707 2984 aut
1729 2948 1842 2987 instat-

253 2995 324 3033 veli
361 2994 520 3046 scaphae,
562 2995 602 3034 fit
637 2997 808 3048 protinus
836 2995 1027 3036 conversio
1063 2993 1109 3038 ab
1139 3011 1181 3038 ea
1209 3010 1320 3051 parte.
1378 2999 1604 3038 Notandum
1631 3011 1759 3039 autem
1786 3003 1838 3041 est

1723 3069 1837 3107 or1g1-
