1973 3570
144 186 207 244 82

450 175 914 224 HISTORIA
972 172 1233 220 DENSI
1271 170 1385 220 ,ExT
1439 171 1663 217 RARI.

281 274 512 324 colliguntur
532 270 737 309 commode
758 271 800 307 in
819 270 995 320 pluviam,
1025 280 1096 306 nec
1114 263 1333 319 diffipantur
1358 268 1398 304 in
1418 268 1541 304 aerem
1560 267 1771 317 limpidum,
1813 266 1875 306 sed

281 328 467 369 inducunt
481 338 651 365 tumores
666 328 706 362 in
722 327 881 378 corpore
895 326 999 361 a'e'ris.

335 381 540 421 connexio.
570 380 608 417 A
618 393 641 418 τ
651 391 746 432 QUE
759 372 1101 417 de‘dilatationibus
1116 388 1321 428 corporum
1335 387 1400 427 per
1418 374 1585 424 spiritum
1601 377 1786 424 innatum,
1805 374 1878 415 five

283 440 325 478 in
345 436 668 482 maturationibiis,
697 432 769 473 five
791 436 831 471 in
850 433 1073 471 rudimentis
1091 431 1393 482 generationum,
1421 428 1491 468 five
1511 434 1550 467 in
1565 432 1790 468 excitatione
1810 443 1881 482 per

285 504 449 538 motum,
480 489 549 529 five
574 491 615 527 in
633 488 906 527 irritationibus
920 487 1148 525 naturalibus
1167 496 1229 523 aut
1253 486 1640 535 praeternaturalibus,
1667 483 1738 523 five
1752 487 1794 523 in
1816 498 1881 537 pu-

285 546 579 592 trefaffionibus‚
607 541 678 582 five
698 546 740 581 in
754 543 1055 588 relaxationibus‚
1085 541 1176 578 haec
1190 552 1303 590 pauca
1318 552 1359 577 ex
1376 540 1531 576 cumulo
1546 551 1698 577 naturae
1711 538 1883 588 inquisita

288 601 411 640 sunto.
467 598 755 646 Transeundum
776 599 850 644 jam
870 598 916 635 ad
930 607 1116 650 aperturas
1131 598 1168 633 ὅ(
1187 596 1422 632 dilatationes
1444 606 1537 643 quae
1559 594 1653 632 fiunt
1676 595 1883 644 perignem

290 659 329 696 ὃ(
348 657 514 695 calorem
529 664 724 692 externum
739 653 930 691 aeiualem.

982 758 1192 799 Monitum.

293 841 574 883 ‘Dilatationes
585 838 633 885 όν
647 847 849 894 aperturae
860 847 1064 892 corporum,
1088 834 1293 892 quaefiunt
1301 845 1374 888 per
1385 837 1510 889 ignem
1526 833 1573 879 <ly
1584 835 1746 875 calorem
1760 837 1886 876 achua»

807 894 893 943 lem,
909 890 1132 946 stmpltcem,
1161 899 1373 930 externum.

348 978 656 1016 APERTURAE
686 988 892 1027 corporum
910 988 975 1025 per
996 974 1163 1012 calorem
1186 969 1257 1010 five
1282 969 1408 1021 ignem
1429 969 1492 1022 (dc
1517 972 1651 1020 quibus
1670 973 1746 1018 jam
1769 974 1892 1023 inqui-

298 1033 436 1080 remus)
458 1034 609 1084 proprie
633 1031 793 1081 spei‘rant
808 1031 853 1068 ad
872 1030 1003 1068 titulos
1025 1029 1072 1066 de
1087 1027 1210 1066 calido
1230 1028 1266 1063 ὅ(
1281 1025 1433 1075 frigido,
1464 1030 1500 1064 δε
1515 1027 1561 1063 de
1580 1037 1691 1065 motu
1709 1027 1826 1077 hyleS,
1854 1031 1894 1067 δε

297 1088 345 1125 de
365 1086 653 1138 separationibus
671 1087 706 1123 δ(
726 1085 1019 1123 alterationibus.
1076 1082 1260 1120 Attamen
1280 1082 1507 1133 carpendum
1529 1084 1565 1118 &
1585 1083 1896 1131 praegustandum

299 1140 350 1179 est
364 1141 503 1190 aliquid
519 1155 561 1179 ex
585 1139 665 1191 ipfis
680 1141 719 1177 in
735 1139 916 1189 praesenti
931 1139 1058 1185 titulo,
1088 1149 1175 1175 cum
1191 1134 1327 1184 absque
1345 1137 1467 1185 aliqua
1481 1137 1618 1173 notitia
1633 1136 1801 1188 ipsorum
1814 1150 1898 1176 non

301 1191 417 1249 poffit
433 1197 573 1245 inquiri
589 1196 685 1233 reete
700 1195 746 1231 de
761 1194 878 1232 denso
892 1197 930 1232 ὃ(
944 1205 1040 1230 raro.

357 1247 547 1300 Historia.
589 1261 621 1288 1.
647 1249 752 1286 AER
781 1262 846 1302 per
874 1250 1039 1286 calorem
1064 1245 1239 1285 dilatatur
1266 1243 1490 1296 simpliciter.
1547 1246 1684 1293 Neque
1714 1247 1820 1284 enim
1849 1246 1899 1285 se-

298 1315 448 1355 paratur
476 1306 669 1357 quippiam
694 1313 755 1341 aut
784 1305 981 1350 emittitur,
1018 1312 1059 1340 ut
1083 1304 1124 1339 in
1148 1300 1413 1351 tangibilibu33
1450 1300 1511 1337 sed
1535 1298 1752 1350 simpliciter
1775 1301 1817 1339 fit
1841 1314 1901 1339 ex-

301 1357 440 1410 panfio,

362 1424 396 1450 2.
427 1415 480 1451 IN
498 1411 668 1460 ventosis,
699 1414 811 1459 vitro,
840 1413 877 1450 ὃ(
891 1414 973 1449 aete
988 1413 1086 1448 intra
1105 1409 1226 1459 ipsum
1241 1419 1439 1456 contento,
1469 1409 1663 1455 calefactis,
1692 1411 1728 1447 ὅ(
1742 1409 1903 1459 ventosis

301 1469 407 1506 carni
432 1469 633 1519 applicatis,
669 1468 822 1516 quando
848 1467 962 1518 paulo
985 1465 1064 1518 post
1090 1467 1162 1512 aer,
1200 1466 1265 1512 qui
1294 1476 1359 1515 per
1388 1465 1552 1500 calorem
1581 1464 1752 1502 dilatatus
1777 1465 1903 1513 fuerit,

304 1523 526 1560 remittente
545 1524 681 1569 calore,
717 1521 754 1559 se
774 1521 926 1571 recipiat
946 1521 1125 1570 paulatim
1145 1522 1181 1557 &
1202 1519 1416 1560 contraham
1453 1518 1648 1556 attrahitur
1666 1531 1734 1571 per
1752 1530 1905 1558 motum

303 1577 423 1615 'nexus
438 1589 536 1614 caro.
578 1576 694 1628 Quod
706 1575 731 1612 fi
746 1575 915 1614 ventosas
926 1575 1060 1612 fortius
1074 1574 1256 1612 attrahere
1269 1574 1403 1622 cupias,
1423 1573 1548 1622 accipe
1563 1572 1760 1624 spongiam
1771 1572 1907 1625 frigida

306 1630 563 1677 madefae‘tam,
593 1634 629 1668 ὃς
653 1642 754 1682 pone
777 1641 860 1667 eam
880 1629 985 1680 super
1007 1639 1180 1668 vent-rem
1203 1627 1397 1669 ventosae3
1425 1638 1468 1665 ut
1491 1640 1556 1678 per
1578 1628 1907 1678 refrigerationem

307 1686 468 1734 amplius
482 1685 676 1723 contracto
691 1687 775 1722 aere
793 1686 946 1723 ventosa
959 1684 1096 1722 fortius
1110 1682 1278 1721 attrahat.

308 1754 312 1759 ·
364 1750 400 1789 3.
431 1739 615 1778 Acerris
629 1741 783 1786 vitrum,
804 1740 840 1777 ἃ
855 1738 1042 1777 calefacias
1057 1738 1170 1776 illud:
1189 1739 1301 1774 mitte
1316 1737 1409 1775 illud
1424 1736 1503 1789 post
1515 1738 1557 1773 in
1573 1748 1729 1785 aquam:
1748 1738 1907 1776 attrahet

307 1805 444 1843 aquam
455 1805 526 1845 pro
536 1795 702 1830 minimo
714 1794 758 1830 ad
771 1794 898 1831 tertias
907 1794 1080 1832 contenti
1093 1807 1103 1835 3
1122 1791 1223 1831 unde
1236 1793 1371 1840 liquet,
1383 1794 1508 1829 aerem
1522 1804 1544 1828 a
1555 1793 1678 1829 calore
1686 1793 1909 1832 rarefafi’cum

311 1848 418 1888 fuiffe
440 1849 576 1898 pariter
597 1848 641 1885 ad
664 1849 791 1885 tertias
814 1850 997 1886 contenti.
1055 1848 1127 1885 Sed
1149 1847 1223 1884 hoe
1247 1858 1379 1898 parum
1403 1846 1461 1883 est.
1518 1848 1622 1884 Nam
1646 1859 1735 1884 curn
1757 1849 1909 1895 vitrum,

310 1915 393 1952 quo
421 1901 472 1941 usi
498 1902 634 1949 sumus,
663 1912 778 1941 tenue
800 1903 901 1950 cffet,
937 1903 1123 1950 majorem
1148 1900 1443 1948 calefactionem,
1473 1901 1608 1949 absque
1629 1902 1800 1951 periculo
1824 1914 1908 1954 rup-

307 1963 432 2004 turae,
460 1969 542 1994 non
564 1957 672 1995 facile
685 1958 906 2009 patiebatur.
963 1957 1080 2009 Quod
1101 1955 1127 1994 fi
1140 1955 1263 1994 fujss'et
1286 1956 1406 2004 phiala
1420 1956 1538 1992 ferrea
1553 1965 1614 1993 aut
1634 1968 1758 2005 aenea,
1783 1958 1824 1995 ὃς
1837 1969 1913 1995 ma-

310 2012 439 2059 jorem
458 2012 499 2048 in
523 2012 684 2049 modum
704 2012 888 2060 calefacta,
916 2012 1076 2049 arbitror
1101 2013 1226 2049 aerem
1240 2009 1340 2059 poss‘e
1363 2010 1508 2048 dilatari
1528 2011 1573 2048 ad
1596 2011 1753 2063 duplum
1768 2021 1830 2050 aut
1849 2013 1914 2050 tri-

314 2067 446 2118 plum:
484 2066 587 2114 quod
617 2068 875 2117 experimento
902 2062 1164 2116 digniss'lmum
1191 2064 1259 2106 est3
1294 2065 1407 2101 etiam
1439 2065 1483 2102 ad
1510 2064 1717 2114 quousque,
1752 2076 1797 2104 ut
1822 2066 1915 2105 inde

316 2121 452 2157 melius
474 2120 523 2158 de
536 2121 684 2158 raritate
706 2122 798 2158 a'e'ris
813 2120 981 2174 superne,
1010 2131 1121 2171 atque
1144 2118 1239 2158 adeo
1262 2119 1418 2157 aetheris
1441 2118 1561 2170 ipfius,
1589 2120 1771 2167 judicium
1793 2120 1916 2159 faeere

315 2170 512 2226 poffimus.

372 2239 411 2277 4.
442 2231 495 2266 IN
514 2230 616 2268 vitro
638 2229 742 2277 quod
763 2231 990 2282 appellamus
1004 2230 1210 2276 calendare,
1242 2228 1359 2278 (quod
1374 2228 1642 2278 tempestatum,
1672 2239 1853 2281 quatenus
1871 2230 1918 2268 ad

317 2285 487 2320 calorem
515 2286 552 2321 &
579 2284 709 2333 frigus,
751 2294 828 2320 tam
854 2295 1022 2322 accurate
1046 2281 1273 2322 demonstret
1303 2285 1494 2321 varietates
1521 2286 1558 2320 δε
1587 2284 1734 2333 gradus)
1769 2285 1919 2324 eviden-

327 2333 469 2374 tisfime
492 2348 604 2386 patet,
632 2350 744 2386 quam
764 2351 873 2389 parva
896 2335 1053 2377 acccffio
1071 2340 1205 2377 caloris
1226 2338 1404 2388 expandat
1417 2339 1538 2375 aerem
1559 2339 1799 2378 notabiliter:
1826 2340 1924 2377 adeo

324 2401 369 2428 ut
393 2402 524 2428 manus
539 2393 639 2429 vitro
663 2391 896 2442 superposita,
924 2394 1016 2430 radii
1037 2395 1150 2442 aliqui
1166 2393 1265 2440 solis,
1294 2392 1370 2441 ipse
1382 2392 1567 2430 anhelitus
1586 2392 1780 2432 astantium
1795 2407 1924 2447 opere·

323 2454 410 2482 tur:
446 2446 539 2493 quin
560 2448 595 2482 ὃ(
615 2443 720 2495 ipsius
746 2450 837 2484 a'eris
860 2449 1002 2486 externi
1021 2449 1285 2485 inclinationes
1309 2447 1353 2483 ad
1379 2448 1545 2484 calorem
1572 2450 1609 2485 ὅ(
1628 2447 1756 2498 frigus,
1795 2442 1921 2497 (taetui

325 2497 392 2550 ipfi
408 2500 745 2552 imperceptibiles‚)
763 2504 885 2539 aerem
901 2502 1149 2541 nihilominus
1163 2502 1313 2540 invitm
1327 2500 1458 2539 senfin]
1474 2504 1510 2539 ὅ(
1521 2502 1703 2553 perpetuo
1717 2503 1876 2542 dilatent
1886 2506 1924 2542 ὃς

328 2554 564 2591 contrahant.

388 2618 423 2656 5.
452 2609 587 2645 HERo
610 2609 784 2646 describit
812 2611 936 2648 altaris
957 2611 1136 2649 fabricam
1163 2623 1211 2648 co
1233 2609 1402 2658 artifieio,
1440 2621 1480 2648 ut
1506 2610 1789 2663 superimposito
1816 2613 1925 2652 holo-

332 2661 458 2698 causto
472 2663 508 2698 ὅ(
524 2663 688 2711 incenso,
719 2664 842 2702 subito
856 2676 949 2713 aqua
962 2665 1213 2714 descenderet,
1241 2677 1333 2713 quae
1348 2666 1476 2714 ignem
1492 2668 1735 2716 extingueret.
1789 2669 1832 2706 Id
1846 2680 1929 2706 non

333 2717 446 2752 aliam
469 2716 640 2765 poscebat
665 2718 892 2766 industriam,
920 2731 1033 2768 quam
1058 2730 1099 2759 ut
1124 2719 1188 2758 sub
1208 2721 1321 2757 altare
1345 2720 1431 2757 css'et
1455 2722 1560 2757 locus
1574 2732 1757 2761 concavus
1779 2725 1816 2760 &
1839 2734 1928 2760 con-

336 2769 469 2817 clusus,
508 2772 589 2807 ae'rc
618 2773 799 2822 repletus;
837 2776 902 2823 qui
930 2776 989 2810 ae'r
1017 2775 1063 2811 ab
1090 2777 1178 2825 igne
1205 2774 1409 2822 calefactus,
1449 2777 1485 2812 δ(
1518 2785 1712 2824 propterea
1746 2777 1930 2824 dilatatus,

337 2825 487 2861 nullum
502 2827 678 2874 reperiret
703 2829 856 2875 exitum,
885 2825 953 2865 nifi
972 2829 1012 2864 in
1032 2831 1150 2867 canali
1168 2829 1213 2866 ad
1230 2830 1414 2878 parietem
1430 2830 1551 2866 altaris
1573 2830 1698 2866 erecto
1712 2832 1749 2868 ὅ(
1763 2842 1929 2878 curvato,

337 2890 406 2915 ore
437 2877 540 2928 super
566 2880 678 2917 altare
706 2881 863 2920 inverso.
918 2882 961 2920 In
986 2885 1103 2920 canali
1129 2883 1254 2921 erecto
1278 2883 1397 2921 infusa
1421 2893 1498 2920 erat
1526 2895 1638 2932 aqua5
1680 2884 1791 2930 (faEto
1815 2887 1930 2922 etiam

335 2939 465 2980 ¹ventre
492 2935 530 2971 in
551 2935 680 2983 canali,
709 2945 750 2972 ut
775 2937 913 2987 largior
933 2938 1041 2989 copia
1059 2950 1173 2987 aquae
1196 2939 1420 2988 reciperetur
1441 2938 1466 2986 3)
1498 2949 1539 2974 ea
1564 2949 1657 2987 aqua
1680 2940 1789 2976 obice
1813 2941 1929 2989 impe·

1744 2993 1926 3039 diebatur,

793 3055 812 3090 1.
1816 3063 1822 3070 ,
