1973 3570
174 203 694 270 sNQulsl‘l'lo
742 204 848 250 Du
901 194 1118 250 LUCE
1169 204 1272 251 ET
1326 198 1657 259 LUMINE.

783 301 902 343 Mora
916 302 1026 343 lucis.

155 394 194 430 9.
224 381 503 420 VmENDUM
527 378 574 415 est
595 377 641 414 de
669 389 777 414 mora
802 379 918 418 lucis;
954 389 1060 427 quae,
1096 387 1139 416 ut
1157 378 1317 427 videtur,
1355 391 1625 422 momentanea
1644 387 1704 426 cst.

103 439 242 485 Neque
264 436 369 472 enim
392 435 470 480 lux,
498 431 525 470 fi
543 445 607 483 pet
630 433 766 470 multas
789 432 899 471 horas
922 434 961 471 in
985 434 1162 471 cubiculo
1184 435 1383 482 duraverit,
1413 439 1529 486 magis
1549 441 1641 477 illud
1666 445 1709 480 il-

99 493 264 530 luminat
288 501 402 538 quam
421 486 447 526 st
469 500 535 538 per
558 497 801 526 momentum
830 488 1004 537 aliquod:
1042 500 1130 526 eum
1156 490 1197 526 in
1217 491 1353 537 calore,
1383 493 1421 529 ὃς
1445 493 1535 540 aliis,
1572 506 1705 534 eontra

99 547 174 585 fiat.
230 545 398 591 Etenim,
427 546 464 581 &
485 544 590 595 prior
609 544 712 584 calor
730 553 872 590 manet,
901 545 938 582 ὅ(
959 555 1081 583 novus
1100 543 1368 593 superadditur.
1424 546 1609 587 Attamen
1630 562 1706 588 cre-

99 601 250 655 puscula
265 600 443 637 nonnihil
458 611 478 635 a
494 598 662 645 reliquiis
675 598 768 635 lucis
783 599 998 649 provenire,
1027 599 1074 635 ab
1092 599 1278 648 aliquibus
1292 611 1486 652 putantur.

646 679 743 719 Viae
764 676 811 722 ὅγ’
821 677 1016 733 proceffits
1029 678 1140 719 lucis.

125 799 127 801 ¹
158 767 221 794 10.
251 755 529 794 VIDENDUM
545 762 700 799 attente,
737 752 786 789 de
808 752 874 791 viis
898 755 935 791 ὅ(
959 749 1191 805 proceffibus
1216 753 1318 792 lucis.
1376 754 1456 795 Lux
1476 757 1702 797 circumfun-

97 810 220 852 ditur3
249 820 376 848 utrum
389 820 481 847 vero
495 820 569 845 una
584 807 753 845 ascendat
768 809 976 858 paululum,
996 821 1044 846 an
1059 810 1260 858 aequaliter
1274 809 1464 858 deorsum,
1495 814 1532 850 ὅ(
1547 813 1702 860 sursum,

97 864 433 911 circumfundatur,
471 864 694 912 inquiratur.
750 864 830 901 Lux
859 863 933 913 ipsa
961 865 1085 901 lucem
1114 864 1282 913 undique
1309 865 1406 902 circa
1438 866 1475 904 se
1502 870 1620 919 parit5
1662 881 1702 906 ut

97 932 186 958 curn
209 930 346 969 corpus
370 919 475 966 lucis,
511 919 734 955 umbraculo
762 917 900 956 scilicet
927 916 1160 969 interposito,
1198 929 1280 957 non
1306 931 1498 963 cernatur3
1537 924 1598 961 lux
1624 925 1701 974 ipsa

97 985 227 1020 tamen
249 975 379 1012 omnia
393 974 535 1011 circum
562 973 765 1019 illuminat,
794 984 938 1023 praeter
962 986 1003 1016 ea
1017 986 1112 1022 quae
1137 973 1202 1012 sub
1219 974 1392 1012 umbram
1415 978 1623 1016 umbraculi
1645 993 1701 1017 ea-

97 1031 348 1080 dunt:‚quae
371 1039 499 1066 tamen
525 1026 600 1080 ipsa
625 1029 805 1068 nonnihil
829 1029 921 1071 lucis
946 1030 1135 1081 accipiunt
1162 1041 1183 1067 a
1207 1030 1291 1068 luce
1314 1030 1572 1076 circumjectu
1610 1047 1700 1073 nam

97 1084 222 1126 multo
238 1085 371 1123 melius
385 1083 526 1133 aliquid
541 1085 639 1120 intra
653 1084 828 1122 umbram
841 1079 951 1120 fitum
966 1083 1069 1120 cerni
1088 1083 1219 1135 potest,
1249 1096 1362 1133 quam
1377 1083 1403 1122 fi
1417 1088 1519 1124 nulla
1535 1091 1702 1128 omnino

94 1140 229 1180 adesset
249 1141 322 1178 lux.
377 1141 507 1187 Itaque
534 1149 670 1190 corpus
689 1131 828 1177 visibile
857 1140 1028 1187 eorporis
1047 1139 1201 1185 alicujus
1229 1139 1356 1186 lucidi,
1388 1143 1424 1178 ὃ(
1445 1141 1519 1190 ipsa
1538 1145 1612 1191 lux,
1643 1158 1699 1182 res

94 1195 341 1245 discrepantes
353 1194 425 1231 esse
439 1192 624 1231 videntur.
679 1193 759 1230 Lux
774 1204 935 1242 corpora
948 1191 1095 1240 fibrosa,
1125 1195 1161 1231 ὅ(
1176 1192 1381 1243 inaequalis
1395 1193 1592 1245 politurae,
1615 1211 1699 1238 non

93 1259 285 1300 penetrat3
321 1247 384 1286 sed
403 1257 530 1299 tamen
550 1259 571 1285 a
596 1246 784 1286 soliditate
803 1247 964 1285 duritiae
989 1249 1158 1299 corporis
1178 1261 1260 1286 non
1283 1250 1498 1299 impeditur,
1538 1262 1578 1290 ut
1598 1254 1638 1291 fit
1659 1256 1700 1292 in

94 1305 207 1351 vitro,
236 1306 274 1342 δε
286 1301 478 1341 similibus.
531 1303 662 1352 Itaque
680 1302 778 1341 reeta
796 1303 896 1340 linea
914 1304 952 1341 δε
969 1304 1056 1354 pori
1070 1315 1153 1341 non
1170 1302 1364 1343 transverfi
1377 1306 1552 1344 videntur
1573 1309 1699 1347 lucem

92 1361 243 1404 tantum
259 1358 436 1410 perferre.

101 1408 114 1418 ”
146 1410 378 1452 Damno
400 1411 493 1451 lucis
512 1411 554 1451 fi't
576 1413 722 1463 optime
741 1420 807 1463 per
828 1414 972 1451 aeli-em:
1005 1412 1069 1462 qui
1092 1426 1170 1464 quo
1189 1416 1318 1467 purior
1340 1415 1463 1462 fuerit,
1493 1428 1540 1454 eo
1563 1419 1699 1457 melius

91 1471 218 1508 lucem
232 1467 464 1507 transmittit.
518 1465 660 1506 Utrum
679 1469 741 1506 lux
756 1480 821 1518 per
841 1480 975 1518 corpus
990 1469 1080 1506 aeris
1097 1469 1263 1517 veh-atur,
1292 1471 1513 1519 inquiratur.
1572 1474 1696 1511 Sonos

90 1534 192 1564 certe
207 1523 377 1563 videmus
392 1535 412 1561 a
426 1524 548 1561 ventis
562 1522 667 1564 vehi3
696 1524 900 1574 &longius
914 1523 1079 1562 secundo
1095 1535 1223 1571 vento,
1252 1537 1366 1573 quam
1381 1526 1547 1574 adverso,
1576 1531 1695 1566 audiri

89 1575 255 1632 poffint:
283 1589 413 1618 utrum
431 1590 523 1617 vero
536 1576 655 1622 ssmilc
673 1579 815 1629 aliquid
828 1578 892 1616 fiat
911 1580 952 1616 in
967 1580 1062 1626 lucc,
1092 1580 1319 1629 inquiratur.
1375 1580 1476 1628 Alia.

623 1660 928 1716 §Diaphaneik‘as
941 1658 1163 1701 lucidorum.

98 1741 110 1754 '·
131 1731 164 1775 ’Ἰ
177 1736 209 1774 L
240 1731 521 1774 VIDENDUM
535 1736 649 1772 etiam
665 1735 724 1781 est,
745 1736 792 1773 de
807 1735 1083 1788 diaphanei'tate
1100 1736 1324 1775 lucidorum.
1381 1737 1503 1774 Pilum
1519 1739 1693 1777 candelae

90 1793 190 1838 intra
209 1791 402 1828 flammam
417 1792 606 1827 cernitur:
633 1800 671 1828 at
689 1803 755 1840 per
775 1792 935 1837 majores
955 1792 1123 1830 flammas
1143 1793 1287 1838 objeeta
1306 1792 1351 1828 ad
1371 1792 1491 1830 visum
1511 1806 1591 1830 non
1612 1807 1692 1844 per*

90 1847 260 1898 veniunt.
315 1846 371 1883 At
387 1855 528 1891 contra,
557 1845 683 1883 omnis
705 1846 959 1897 diaphane‘i'tas
974 1859 1016 1884 ex
1032 1859 1192 1899 corpore
1213 1848 1341 1895 aliquo
1361 1848 1485 1897 ignito
1505 1851 1620 1898 perit3
1651 1843 1691 1887 ut

89 1903 246 1956 invitro
261 1899 392 1938 videre
412 1898 483 1941 est3
512 1901 615 1949 quod
639 1901 803 1950 ignitum
817 1914 898 1939 non
922 1903 1082 1955 amplius
1098 1912 1224 1939 manet
1244 1901 1481 1951 diaphanum.
1541 1905 1692 1956 Corpus

88 1957 181 1993 aeris
204 1955 432 2006 diaphanum
457 1955 526 1995 est'3
562 1954 653 1992 item
681 1967 815 2006 aquae:
852 1966 888 1994 at
914 1955 975 1993 illa
991 1958 1068 1994 duo
1087 1957 1270 2009 diaphana
1292 1958 1497 2005 commista,
1527 1960 1566 1995 in
1590 1962 1689 2006 nive,

89 2010 316 2066 aut'spuma,
344 2021 427 2047 non
451 2010 610 2060 amplius
624 2010 806 2063 diaphana
831 2011 928 2060 sunt,
958 2010 1019 2050 sed
1038 2014 1238 2061 acquirunt
1261 2012 1386 2049 lucem
1401 2013 1591 2061 quandam
1615 2017 1689 2052 ori«

91 2065 269 2125 ginalem.

105 2127 179 2140 ‘“
192 2189 208 2196 .-
540 2136 796 2190 Cognationes
811 2134 858 2182 ἐφ’
878 2136 1113 2191 hostilitates
1133 2137 1244 2178 lucis.

103 2215 211 2250 ³:12.
238 2212 518 2251 VIDENDUM
532 2211 578 2248 de
589 2212 891 2260 cognationibus,
911 2223 1021 2261 atque
1034 2213 1148 2250 etiam
1163 2210 1426 2250 hostilitatibus
1440 2213 1543 2250 lucis.
1587 2213 1689 2263 Cog-

90 2266 286 2305 nationem
310 2268 472 2304 maxime
495 2265 606 2303 habet
631 2267 694 2303 lux
714 2278 802 2304 cum
823 2268 943 2304 tribus
962 2268 1083 2314 rebus,
1124 2277 1306 2315 quatenus
1331 2267 1377 2303 ad
1401 2268 1688 2315 generationem

88 2323 205 2364 lueiss
233 2323 368 2368 calore,
395 2322 591 2367 tenuitate,
622 2323 795 2358 &motu
850 2321 1070 2358 Videndum
1091 2320 1215 2370 igitur,
1242 2321 1289 2357 de
1303 2321 1488 2369 conjugiis
1510 2325 1545 2358 ὅ(
1566 2323 1688 2361 divor-

87 2379 149 2414 tiis
171 2388 304 2415 eorum
330 2382 416 2425 erga
435 2377 581 2416 lucem3
619 2386 732 2424 atque
754 2375 965 2413 eorundem
985 2376 1252 2425 conjugiorum
1276 2378 1313 2412 &
1336 2373 1588 2414 divortiorum
1607 2391 1686 2427 gra-

86 2433 206 2469 dibus.
265 2431 430 2468 flamma
445 2430 591 2482 spiritus
613 2431 692 2468 vini
707 2440 769 2468 aut
784 2429 879 2480 ignis
893 2429 997 2476 fatui,
1026 2431 1140 2479 longe
1156 2430 1258 2466 ferro
1279 2431 1401 2479 ignito
1417 2431 1541 2468 calore
1562 2432 1687 2470 lenior

86 2485 147 2534 est,
183 2498 313 2525 verum
338 2486 482 2524 lumine
504 2485 656 2523 fortior.
715 2484 944 2532 Cicindelae,
971 2486 1009 2522 δε
1033 2496 1135 2521 rores
1157 2496 1272 2533 aquae
1295 2484 1413 2532 salsae,
1443 2487 1480 2522 δε
1502 2488 1620 2524 multa
1642 2501 1687 2526 ex

87 2542 162 2579 illis
180 2553 274 2590 quae
295 2541 605 2587 enumeravimus,
634 2541 759 2579 lucem
773 2541 925 2587 jaciunt,
956 2540 1071 2577 calida
1086 2539 1130 2576 ad
1150 2540 1288 2577 tactum
1305 2552 1387 2576 non
1408 2539 1503 2577 sunt.
1562 2543 1685 2580 Etiam

87 2597 240 2634 metalla
254 2597 384 2646 ignita,
414 2596 540 2632 tenuia
553 2607 636 2633 non
655 2595 752 2642 sunt,
781 2605 818 2633 at
838 2596 959 2632 calore
974 2605 1101 2632 tamen
1120 2595 1273 2633 ardente
1288 2594 1463 2644 praedita.
1487 2641 1496 2646 ,v
1521 2596 1576 2633 At
1597 2609 1685 2635 eon-

87 2657 158 2698 tra,
191 2653 256 2689 aet
280 2649 330 2688 est
357 2651 455 2687 inter
479 2646 690 2688 tenuissrma
712 2661 883 2702 corpora,
921 2649 982 2686 sed
1010 2651 1093 2687 luce
1119 2660 1233 2688 vacat.
1290 2649 1440 2696 Rursus,
1480 2650 1582 2688 idem
1610 2655 1685 2700 aer,

87 2716 199 2756 atquc
218 2707 332 2743 etiam
353 2706 469 2750 venti,
498 2714 608 2742 motu
623 2704 739 2755 rapidi
761 2705 857 2750 sunt,
887 2705 1010 2741 lucem
1032 2714 1159 2742 tamen
1175 2716 1255 2741 non
1277 2705 1466 2756 praebent.
1522 2706 1577 2743 At
1597 2719 1687 2745 con-

87 2771 157 2808 tra,
185 2761 337 2798 metalla
351 2761 475 2810 “ignita
497 2768 648 2797 motum
671 2759 779 2798 suum
804 2760 982 2798 hebetem
1003 2771 1086 2797 non
1106 2769 1258 2806 exuunt,
1286 2761 1412 2797 lucem
1434 2759 1686 2799 nihilominus

90 2816 247 2854 vibrant.

140 2871 194 2911 IN
209 2870 500 2920 cognationibus
516 2879 641 2907 autem
656 2870 759 2917 lucis,
788 2881 882 2919 quae
896 2881 977 2907 non
993 2869 1038 2907 ad
1052 2870 1337 2919 generationem
1353 2869 1442 2917 ejus,
1463 2869 1524 2907 sed
1538 2870 1583 2906 ad
1598 2882 1683 2919 pro-

90 2924 226 2962 c-‘efl'um
249 2934 396 2962 tantum
421 2924 594 2974 speciant,
623 2924 718 2962 nihil
737 2935 816 2962 tam
840 2925 1085 2969 conjunstum
1100 2925 1159 2971 est,
1189 2936 1301 2973 quam
1324 2924 1458 2962 sonus:
1490 2925 1615 2973 Itaque
1635 2925 1683 2962 de

90 2990 225 3022 eorum
244 2979 459 3030 sympathiis
485 2981 522 3017 ὅ(
536 2975 692 3017 diffidiis
708 2989 882 3023 ,accurate
897 2979 1113 3018 videndum.
1169 2980 1212 3016 In
1229 2980 1286 3017 his
1305 2979 1548 3016 conveniunt.
1604 2980 1685 3018 Lux

91 3032 255 3071 &sonus
278 3035 319 3072 in
333 3035 518 3072 ambitum
543 3033 909 3073 circumfunduntur,
966 3035 1046 3073 Lux
1068 3037 1106 3074 &
1121 3033 1232 3074 sonus
1254 3046 1320 3087 per
1336 3028 1550 3082 longissima
1572 3032 1687 3086 spatia

1495 3088 1688 3130 seruatum

234 3153 249 3178 1

1749 214 1850 284 213
