1973 3570
611 206 1250 259 EPISTOLAE.

122 401 225 461 111.
273 402 584 461 Franciscus
600 406 753 462 Baro
769 403 1192 480 deVerulamio,
1225 407 1520 467 Vzcecomes
1541 414 1734 471 Sanffl

196 486 433 563 Albani,
481 488 678 548 Almae
718 489 921 546 Matri
943 489 1177 571 inchstae
1207 495 1534 552 Academiae
1579 498 1723 556 Can-

195 572 522 654 tabrigienfi,
567 573 823 631 Salutem.

245 714 416 751 EBITA
447 712 525 760 filii,
568 711 689 764 qualia
715 712 874 765 possum,
902 714 1088 766 persolvo.
1145 717 1266 770 Qod
1292 730 1385 758 vero
1409 718 1518 768 facio,
1557 723 1660 761 idem
1689 726 1727 762 ὃς

265 780 332 807 vos
346 768 479 808 hortor
494 784 505 812 3
533 769 810 818 utAugmentis
827 769 1075 808 Scientiarum
1089 771 1232 811 strenue
1249 774 1484 823 incumbatis,
1500 779 1537 815 &
1552 779 1591 815 in
1607 777 1724 815 animi

116 823 295 862 modestia
318 824 528 863 libertatem
550 825 694 874 ingenii
717 822 917 872 retineatis,
946 837 1070 875 neque
1090 827 1276 866 talentum
1295 842 1315 866 a
1330 829 1514 869 veteribus
1533 834 1726 871 concredi—

116 890 201 918 tum
215 878 256 918 in
284 877 430 917 sudario
460 878 659 933 reponatis.
714 878 882 916 Affuerit
910 882 1164 932 proculdubio
1184 885 1221 920 &
1240 884 1418 922 affulserit
1436 884 1553 924 divini
1570 886 1724 925 luminis

114 934 242 984 gratia,
271 932 309 982 fi,
339 934 532 973 humiliata
548 935 586 972 &
607 934 778 973 submissa
793 933 968 984 religioni
996 936 1242 986 philosophia,
1271 939 1432 977 clavibus
1459 941 1582 981 sensus
1605 943 1725 990 legiti-

112 991 228 1028 me&
252 991 380 1027 dextre
407 989 578 1037 utamini,
609 992 645 1027 &
673 999 809 1026 amoto
828 992 938 1027 omni
961 990 1266 1031 contradictionis
1293 994 1426 1044 studio,
1453 995 1608 1050 quisque
1634 983 1724 1036 eum

116 1043 205 1093 alio,
231 1043 311 1084 acfi
326 1044 399 1097 ipse
419 1045 544 1084 secum
559 1044 729 1098 disputet.
787 1046 932 1084 Valere.

341 1197 444 1254 IV.
490 1193 732 1281 Inclytae
762 1195 1090 1253 Academiae
1109 1197 1417 1257 OXonienfi
1446 1202 1498 1259 S.

112 1330 315 1444 CUM
343 1337 462 1374 almae
491 1337 601 1373 matri
626 1347 733 1373 meae
754 1333 914 1384 inclytae
928 1334 1159 1375 Academiae
1173 1335 1489 1392 Cantabrigienfi'·
1504 1340 1722 1393 scripserim,

239 1391 395 1429 deeffem
412 1392 496 1429 sane
518 1388 658 1438 officio,
687 1388 714 1428 fi
733 1378 850 1428 simile
871 1391 1012 1428 amoris
1026 1391 1159 1442 pignus
1182 1391 1300 1431 sorori
1314 1396 1391 1441 ejus
1413 1407 1494 1434 non
1523 1396 1720 1436 deferrem.
1771 1412 1773 1415 ’

111 1447 214 1485 Sicut
240 1457 365 1485 autem
385 1459 453 1484 eos
467 1446 634 1485 hortatus
657 1445 751 1493 sum,
781 1447 832 1483 ita
855 1447 892 1483 δ(
906 1443 973 1483 v'os
994 1445 1142 1494 hortor,
1171 1459 1213 1485 ut
1228 1449 1477 1489 Scientiarum
1486 1450 1720 1501 Augmentis

108 1502 252 1540 strenue
276 1503 513 1548 incumbatis,
543 1505 581 1540 &
607 1512 778 1539 veterum
805 1502 951 1539 labotes
973 1512 1095 1553 neque
1122 1501 1218 1540 nihil
1245 1515 1370 1556 neque
1402 1505 1533 1543 omnia
1556 1506 1627 1544 effe
1654 1520 1721 1560 pu-

107 1559 194 1596 tetis
210 1574 224 1600 5
255 1557 314 1594 sed
338 1559 433 1595 vires
458 1558 572 1595 etiam
588 1555 755 1609 proprias
777 1556 942 1594 modeste
963 1558 1245 1608 perpendentes,
1288 1559 1446 1598 subinde
1470 1571 1600 1599 tamen
1615 1574 1720 1614 expe-

106 1613 278 1650 t'iamini:
308 1611 452 1650 Omnia
466 1613 600 1650 cedent
613 1624 727 1664 quam
742 1610 897 1664 optimc,
930 1609 955 1648 fi
970 1623 1073 1649 arma
1093 1625 1176 1650 non
1197 1613 1259 1651 alii
1286 1612 1327 1652 in
1352 1616 1446 1653 alios
1467 1616 1627 1664 vertatis,
1655 1617 1719 1655 sed

107 1667 239 1715 junctis
266 1666 381 1717 copiis
404 1666 443 1704 in
466 1678 640 1706 naturam
670 1679 797 1705 rerum
825 1662 1109 1719 impressionem
1127 1668 1269 1707 faciatis
1277 1686 1294 1714 ,-
1324 1667 1457 1710 sufficit
1489 1673 1628 1724 quippe
1654 1670 1718 1710 illa

105 1722 247 1762 honori
262 1725 299 1762 &
314 1722 499 1762 victoriae.
556 1724 702 1762 valete.

162 1850 235 1940 Vss
278 1880 623 1964 Rescrzptum
643 1880 971 2024 Acmssffae
992 1880 1322 1942 Oxonienfis
1365 1884 1412 1941 F
1415 1882 1655 1944 rancisco

871 1988 1027 2025 cone.

106 2105 368 2156 Praembilis,
373 2103 421 2151 ὠν
430 2104 548 2162 (quod
552 2104 806 2146 in'nobilitate
805 2115 906 2161 pene
916 2106 1146 2148 miraculum
1153 2106 1469 2163 est)fi·ientiſjt⁰me
1477 2097 1715 2151 chcomes!

149 2190 156 2195 ·
222 2171 349 2218 ‘rHrL
368 2180 593 2217 concinnius
606 2181 767 2218 tribuere
779 2179 992 2233 amplitudo
1006 2177 1134 2228 vestra,
1162 2179 1256 2219 nihil
1276 2182 1413 2231 gratius
1427 2180 1590 2234 accipere
1605 2192 1715 2234 potu-

251 2236 280 2272 it
295 2235 502 2272 Academia
516 2246 630 2284 quam
646 2234 842 2273 Scientias:
872 2235 1064 2283 Scientias,
1093 2247 1184 2288 quas
1198 2237 1299 2287 prius
1313 2235 1454 2287 inopes,
1475 2236 1632 2286 exiguas,
1659 2237 1714 2275 in-

104 2290 222 2328 cultas
235 2289 417 2339 emiserat,
446 2288 585 2340 accepit
612 2290 768 2327 tandem
792 2289 939 2337 nitidas,
967 2302 1149 2341 proceras,
1177 2287 1317 2340 ingenii
1339 2293 1395 2328 tui
1414 2289 1531 2343 copiis
1561 2289 1714 2342 (quibus

104 2344 214 2383 unice
234 2347 356 2395 augeri
375 2351 591 2397 potuerant)
622 2345 808 2383 ubet-rime
822 2339 977 2383 dotatas.
1035 2345 1187 2383 Grande
1206 2344 1308 2383 ducit
1324 2357 1463 2384 munus
1479 2347 1575 2384 illud
1597 2345 1664 2385 fibi
1691 2359 1713 2386 a

104 2402 304 2450 peregrino
335 2399 374 2447 (si
389 2410 514 2438 tamen
530 2399 745 2453 peregrinus
763 2398 818 2446 fit,
847 2411 926 2438 tam
939 2411 1057 2450 prope
1080 2399 1394 2451 consanguineus)
1424 2400 1563 2439 auctius
1578 2402 1711 2449 redire,

103 2457 208 2507 quod
231 2455 356 2494 filiolis
375 2455 447 2493 suis
466 2454 574 2494 instar
597 2455 819 2506 patrimonii
848 2455 1053 2508 impendit;
1082 2458 1119 2493 δε
1146 2456 1310 2494 libenter
1333 2454 1502 2506 agnoscit
1526 2456 1586 2496 hic
1610 2457 1710 2495 nasci

103 2511 244 2559 Musas,
271 2512 362 2549 alibi
385 2521 514 2548 tamen
541 2523 656 2560 quam
678 2511 787 2549 domi
811 2509 893 2548 suae
914 2511 1084 2548 crescere.
1143 2511 1354 2549 Creverunt
1377 2511 1544 2560 quidem,
1581 2513 1619 2550 &
1643 2512 1711 2550 sub·

104 2567 251 2604 calamo
266 2576 348 2614 tuo,
377 2567 441 2617 qui
457 2575 637 2618 tanquam
649 2565 816 2604 strenuus
836 2567 1027 2604 literarum
1036 2563 1214 2613 Alcides,
1244 2567 1440 2604 columnas
1453 2577 1546 2614 tuas,
1561 2568 1711 2606 mundo

104 2622 333 2667 immobiles,
371 2622 521 2673 propria
548 2633 665 2659 manu
691 2623 732 2659 in
752 2622 844 2659 orbe
867 2621 1118 2668 scientiarum,
1158 2622 1241 2673 plus
1267 2619 1364 2659 ultra
1390 2620 1548 2660 statuisti.
1603 2623 1709 2672 Euge

104 2673 447 2715 exercitatissimum
471 2676 664 2723 athletam,
692 2675 756 2728 qui
784 2675 822 2714 in
848 2675 1009 2714 aliorum
1037 2675 1315 2726 patrocinandis
1333 2675 1532 2715 virtutibus
1554 2688 1708 2729 occupa-

103 2727 277 2778 tiffimus,
305 2733 416 2773 alios;
448 2730 487 2768 in
513 2729 648 2781 seriptis
674 2732 836 2782 propriis
854 2731 1015 2780 teipsum
1042 2730 1234 2784 superasti:
1261 2731 1410 2784 Quippe
1423 2732 1466 2770 in
1488 2730 1559 2769 illo
1585 2732 1706 2769 hono-

105 2799 189 2824 rum
210 2797 364 2825 tuorum
392 2787 548 2837 fastigio,
583 2787 683 2823 viros
711 2796 860 2824 tantum
889 2786 1054 2824 literatos
1086 2785 1319 2836 promovisti,
1345 2798 1450 2825 nunc
1477 2786 1632 2824 tandem
1661 2784 1707 2835 (o'

106 2841 213 2879 dulce
229 2840 444 2894 prodigium
459 2843 480 2891 ἕ)
511 2839 621 2878 etiam
646 2842 832 2879 &literas.
862 2889 863 2892 Ἴ
889 2842 1034 2879 Onerat
1048 2840 1202 2879 clientes
1227 2840 1397 2883 beneficii
1423 2841 1530 2887 hujus
1552 2839 1705 2889 augusti-

104 2908 148 2932 or
167 2895 445 2939 munificentia3
481 2897 585 2941 cujus
608 2897 649 2933 in
677 2895 895 2948 accipiendo
922 2896 1051 2934 honor
1073 2895 1171 2947 apud
1197 2908 1267 2934 nos
1295 2908 1437 2943 manet,
1475 2894 1513 2932 in
1541 2894 1705 2932 fruendo*

102 2952 410 2989 emolumenturn
443 2949 571 2989 transit
599 2950 713 3000 usque
740 2953 781 2989 in
807 2951 982 3003 posteros
1037 2953 1143 3005 Quin
1176 2963 1268 3002 ergo
1287 2949 1314 2989 fi
1348 2952 1549 3002 gratiarum
1571 2949 1704 2986 talioni

104 3007 262 3057 impares
282 3006 418 3053 fumus,
448 3007 578 3052 Junao
600 3007 740 3044 robore
761 3005 911 3044 alterius
933 3005 1064 3044 saeculi
1088 3017 1244 3057 nepotes
1272 3006 1497 3050 succurrant,
1534 3005 1600 3056 qui
1623 3003 1702 3041 reli-

102 3071 225 3108 quum*
237 3061 343 3108 illud,
370 3063 474 3110 quod
493 3061 562 3100 tibi
577 3074 657 3099 non
673 3061 835 3113 possunt,
863 3061 991 3100 saltem
1017 3060 1165 3100 nomini
1194 3072 1265 3100 tuo
1291 3060 1511 3112 persolvent.
1568 3058 1705 3096 Felices

103 3114 169 3162 illi,
199 3126 269 3154 nos
290 3126 418 3154 tamen
440 3129 555 3167 quam
583 3118 700 3168 longe
732 3115 927 3165 feliciores,
963 3116 1096 3168 quibus
1123 3116 1333 3157 honorifice
1360 3112 1610 3166 conscriptam
1641 3123 1703 3149 tua

1588 3178 1704 3205 manu

1818 240 1917 291 405
