1973 3570
184 246 283 297 DE
335 233 1153 291 INTERPRETATIONE
1204 239 1592 293 NATURAE.

88 353 159 391 diis
173 345 526 398 finceras&politas
539 358 639 384 areas
658 345 797 384 adesse?
839 347 952 384 Nova
984 344 1035 383 est
1061 347 1225 385 ineunda
1255 346 1363 394 ratio,
1396 360 1469 399 qua
1498 352 1688 390 mentibus

88 400 360 445 obducriffimis
375 403 478 441 illabi
493 397 687 452 poffimus.
744 401 805 441 Ut
828 401 930 438 enim
959 400 1265 450 phreneticorum
1286 402 1531 441 deliramenta
1545 417 1620 443 arte
1651 411 1688 446 &

87 459 244 512 ingenio
260 459 536 504 subvertuntur,
557 458 594 495 vi
613 458 648 494 δι
667 456 916 494 contentione
931 454 1134 494 efferantur
1149 456 1324 504 omnino,
1339 459 1391 495 ita
1406 460 1447 495 in
1461 457 1528 496 hac
1543 462 1686 499 univer-

86 516 150 556 sali
163 514 304 553 insania
323 525 408 551 mos
426 513 610 562 gerendus
622 511 682 548 est.
737 511 863 563 Quid?
891 511 1047 548 leviores
1063 512 1148 549 illae
1161 513 1415 559 conditiones,
1445 526 1539 562 quae
1566 515 1610 552 acl
1634 517 1688 553 lc-

87 571 266 622 gitimum
286 569 459 606 scientiae
477 566 677 605 tradendae
691 567 854 603 modum
868 566 1071 618 pertinent,
1094 579 1141 604 an
1167 566 1234 604 tibi
1249 579 1325 604 tam
1341 569 1529 617 expeditae
1545 571 1581 606 &
1602 570 1685 608 faci-

86 628 138 664 les
151 624 343 663 videntur?
372 623 432 663 Ut
452 622 589 659 modus
604 622 787 658 innocens
805 619 860 667 fit,
885 621 924 658 id
940 621 1000 668 est,
1020 622 1116 658 nulli
1132 622 1279 671 prorsus
1293 622 1412 659 errori
1428 623 1556 661 ansam
1573 627 1608 662 δε
1625 638 1685 662 oc—

88 678 276 718 casionem
295 679 484 729 praebeat?
512 677 573 716 Ut
592 675 668 714 vim
683 676 872 725 quandam
887 673 1035 712 insitam
1059 675 1276 714 &innatam
1301 678 1433 716 habeat
1458 689 1542 715 tum
1570 680 1616 717 ad
1645 681 1685 718 fi-

87 735 177 773 dem
195 733 482 778 conciliandam,
506 741 590 768 tum
605 731 649 768 ad
666 731 856 783 pellendas
878 729 1027 775 injurias
1045 733 1240 783 temporis,
1271 733 1365 769 adeo
1389 743 1429 770 ut
1460 733 1610 771 scicntia
1637 734 1686 772 ita

86 789 218 828 tradita
233 790 348 827 veluti
363 789 488 838 planta
499 788 602 823 vivax
619 788 656 824 &
671 795 801 835 vegeta
815 786 986 835 quotidie
1003 785 1120 838 serpat
1137 789 1173 824 ὃς
1189 787 1394 825 adolescat?
1424 788 1484 828 Ut
1504 788 1686 827 idoneum

88 842 352 894 &legitimum
369 841 433 880 fibi
448 842 628 879 leitorem
650 840 815 891 seponat,
832 842 868 878 δε
883 839 981 890 quast
994 840 1167 891 adoptet?
1195 841 1323 893 Atque
1338 843 1427 880 hacc
1449 843 1577 881 omnia
1589 857 1687 896 prae-

85 898 243 939 stiterim
257 911 328 936 nec
342 911 402 946 nc,
431 897 477 934 ad
492 907 642 948 tempus
657 896 828 934 futurum
841 908 1020 947 provoco.

700 1037 804 1093 CA
832 1053 880 1093 P.
942 1037 1014 1093 II.

187 1172 354 1211 LANE
383 1181 510 1209 autem
543 1182 625 1208 non
653 1166 860 1216 diffimulo,
893 1166 957 1216 fili,
985 1169 1078 1207 mihi
1098 1172 1277 1220 quopiam
1310 1171 1590 1209 submovendos
1613 1173 1683 1212 esse

207 1225 520 1278 philosophastros
550 1225 635 1262 istos
664 1225 785 1274 poetis
816 1221 895 1275 ipsis
927 1223 1179 1272 fabulofiores,
1207 1225 1426 1276 stupratores
1452 1226 1681 1275 animorum,

88 1295 215 1331 rerum
235 1281 409 1328 falsarios,
433 1283 469 1318 ὅτ
485 1281 610 1317 multo
629 1281 741 1316 etiam
771 1279 889 1328 magis
911 1277 1050 1316 horum
1078 1279 1251 1317 satellites
1279 1283 1316 1317 ὅ(
1339 1279 1522 1333 parasitos,
1543 1282 1681 1331 profes-

88 1337 224 1376 soriam
245 1338 349 1374 illam
370 1338 407 1373 ὅ(
421 1333 651 1373 meritoriam
665 1334 827 1371 turbam.
884 1334 979 1385 Quis
1003 1347 1153 1372 carmen
1177 1336 1306 1385 praeit,
1337 1346 1377 1373 ut
1404 1336 1478 1373 hoc
1493 1336 1681 1375 oblivioni

87 1393 314 1431 devoveam?
342 1391 446 1440 quod
469 1392 574 1428 enim
602 1387 746 1426 veritati
772 1386 970 1436 filentium,
1001 1387 1028 1427 st
1052 1388 1107 1427 isti
1133 1390 1251 1428 brutis
1275 1390 1347 1428 suis
1373 1393 1408 1429 ὅ(
1437 1392 1683 1429 inarticulatis

89 1447 295 1486 rationibus
315 1447 545 1495 obstrepant?
573 1445 719 1482 Verum
736 1442 851 1481 tutius
864 1441 1017 1482 forsitan
1037 1445 1151 1482 fuerit
1170 1444 1400 1483 nominatim
1415 1458 1479 1483 eos
1493 1447 1681 1493 damnare,

89 1515 151 1549 ne,
174 1513 264 1540 cum
285 1512 389 1539 tanta
409 1499 632 1538 authoritate
659 1500 820 1548 vigeant,
844 1510 927 1535 non
955 1498 1143 1536 nominati
1171 1502 1312 1550 excepti
1335 1501 1530 1539 videantur
1544 1519 1558 1544 ,-
1588 1514 1683 1539 neve

90 1559 173 1606 quis
187 1567 292 1609 putet
307 1569 394 1594 curn
424 1557 521 1593 inter
553 1554 651 1604 ipsos
674 1563 752 1591 tam
776 1551 898 1602 gravia
926 1555 963 1591 δε
988 1555 1222 1592 internecina
1252 1566 1490 1593 exerceantur
1519 1555 1615 1603 odia,
1646 1560 1684 1595 ὃς

89 1622 190 1651 tanta
209 1610 450 1649 dimicatione
465 1620 639 1656 certetur,
667 1620 730 1645 me
748 1609 794 1645 ad
811 1607 874 1645 has
891 1609 1074 1646 larvarum
1099 1612 1136 1646 &
1162 1609 1379 1647 umbrarum
1405 1623 1546 1662 pugnas
1577 1611 1681 1649 alteri

91 1668 184 1721 parti
199 1668 300 1705 velut
329 1664 486 1704 subfidio
506 1664 665 1703 missum.
723 1665 851 1710 Itaque
878 1662 1011 1701 citetur
1036 1661 1279 1714 Aristoteles,
1307 1661 1484 1714 peffimus
1513 1665 1680 1716 sophista,

92 1721 214 1760 inutili
244 1720 443 1759 subtilitate
470 1721 664 1766 attonitus,
688 1718 891 1755 verborum
919 1720 993 1757 vile
1021 1718 1234 1756 ludibrium.
1291 1719 1415 1758 Ausus
1443 1722 1569 1768 etiam,
1598 1732 1682 1759 tum

92 1789 179 1816 cum
192 1776 292 1814 forte
307 1788 414 1813 mens
432 1776 595 1813 humana
609 1774 654 1810 ad
669 1772 864 1812 veritatem
898 1775 1061 1822 aliquam
1094 1773 1177 1811 casu
1212 1774 1390 1827 quopiam
1419 1785 1596 1826 tanquam
1630 1776 1680 1813 sc-

92 1832 214 1870 cunda
240 1829 453 1882 tempestate
471 1830 592 1867 delata
614 1826 872 1876 acquiesceret,
904 1826 1053 1872 injicere
1081 1825 1288 1866 duriss'imas
1316 1829 1448 1866 animis
1469 1832 1681 1882 compede5‚

91 1897 282 1934 artemque
292 1886 477 1937 quandam
493 1883 654 1921 insaniae
669 1894 909 1934 componere,
926 1883 1068 1931 nosque
1080 1883 1195 1921 verbis
1215 1883 1406 1921 addiscere.
1462 1886 1566 1937 Quin
1583 1888 1618 1922 ἃ
1638 1899 1681 1923 ex

94 1940 189 1979 istius
205 1938 285 1978 sinu
300 1939 421 1977 eduffi
437 1938 546 1977 nobis
561 1939 646 1975 sunt
671 1950 713 1975 ac
726 1936 891 1983 enutriti,
914 1937 1100 1975 vaferrimi
1127 1937 1182 1975 illi
1212 1950 1427 1989 nugatores,
1452 1943 1517 1988 qui
1545 1952 1633 1977 cum
1661 1953 1682 1977 a

92 1996 415 2046 perambulatione
439 1993 639 2040 mundana,
660 2005 700 2030 ac
720 1991 828 2029 omni
853 2004 975 2030 rerum
990 2005 1031 2030 ac
1054 1992 1219 2030 historiae
1244 1995 1326 2031 lucc
1346 1994 1381 2032 se
1396 1995 1614 2041 avertissent,
1638 2007 1681 2032 ex

94 2051 203 2097 hujus
216 2051 379 2088 maxime
400 2059 684 2100 praeceptorum
698 2049 735 2085 ὃς
749 2044 978 2096 positionum
993 2049 1121 2085 ductili
1150 2049 1359 2086 admodum
1384 2051 1549 2095 materia,
1572 2053 1607 2086 <Sc
1627 2052 1682 2087 in-

94 2106 197 2156 genii
215 2103 381 2154 inquieta
401 2106 618 2155 agitatione,
644 2098 958 2140 numerofiffimas
981 2102 1191 2140 scholarum
1216 2103 1426 2152 quisquilias
1447 2105 1558 2141 nobis
1582 2105 1682 2142 exhi-

96 2162 220 2198 buere.
276 2160 341 2197 Istc
356 2170 481 2197 autem
496 2159 635 2196 horum
655 2158 812 2199 dictator
827 2166 935 2194 tanto
950 2158 1022 2195 illis
1036 2158 1249 2206 accusatior,
1273 2160 1376 2209 quod
1391 2160 1504 2196 etiam
1519 2158 1557 2195 in
1573 2159 1682 2195 histo-

97 2218 171 2253 riae
203 2217 335 2265 apertis
357 2214 529 2262 versatus,
550 2213 808 2251 subterraneae
836 2213 988 2257 alicujus
1017 2212 1141 2264 specus
1166 2210 1381 2263 opaciffima
1414 2213 1514 2250 idola
1542 2213 1680 2251 retulit.

96 2271 228 2319 Atque
255 2270 359 2322 super
387 2270 500 2320 ipsam
526 2268 679 2319 quidem
704 2265 890 2304 historiam
910 2279 1037 2304 rerum
1064 2267 1340 2318 particularium
1363 2267 1538 2315 quasdam
1566 2267 1682 2305 veluti

99 2337 230 2377 operas
251 2336 466 2362 aranearum
488 2321 668 2369 exstruxit,
701 2333 790 2371 quas
817 2320 939 2357 causas
968 2321 1082 2358 videri
1106 2323 1197 2367 vult,
1221 2334 1309 2358 cum
1329 2320 1398 2359 lint
1422 2321 1558 2359 nullius
1579 2334 1684 2373 pror-

100 2381 158 2418 sus
178 2378 322 2417 roboris
336 2381 395 2417 vel
410 2377 526 2431 pretii.
583 2378 722 2429 Quales
743 2375 857 2413 etiam
879 2375 1002 2412 nostra
1021 2385 1137 2413 aetate
1162 2377 1280 2412 multa
1299 2388 1385 2412 cum
1410 2375 1607 2426 satagentia
1635 2377 1684 2414 fa-

101 2434 251 2473 bricavit
266 2435 520 2482 Hieronymus
537 2433 743 2478 Gauianus,
766 2440 923 2478 uterque
938 2430 1046 2467 rebus
1061 2442 1101 2466 ac
1122 2428 1184 2467 sibi
1198 2430 1344 2467 discors.
1402 2433 1465 2470 Ne
1493 2444 1595 2478 vero,
1616 2431 1682 2478 fili,

100 2502 188 2528 cum
203 2489 298 2526 hauc
312 2499 445 2526 contra
458 2485 706 2537 Aristotelem
727 2486 947 2523 sententiam
967 2485 1059 2531 fero,
1074 2497 1136 2522 me
1155 2497 1244 2522 cum
1259 2485 1396 2522 rebelle
1424 2487 1499 2531 ejus
1517 2487 1684 2535 quodam

101 2543 294 2582 neoterico
318 2542 443 2581 Petro
467 2541 591 2580 Ramo
620 2540 836 2591 conspirassc
856 2552 1044 2588 augurerc.
1100 2541 1264 2578 Nullum
1294 2540 1388 2577 mihi
1412 2540 1684 2578 commercium

100 2612 189 2637 cum
207 2599 280 2637 hoc
307 2596 536 2648 ignorantiae
559 2597 728 2644 latibulo,
751 2591 1054 2645 perniciosiffima
1077 2596 1270 2632 literarum
1303 2596 1414 2642 tinea,
1441 2594 1684 2645 compendio-

100 2666 186 2691 rum
198 2664 321 2706 patre3
349 2654 515 2704 quicum
528 2651 699 2689 methodi
719 2651 801 2688 suae
822 2652 858 2687 ὅ(
872 2648 1085 2700 compendii
1101 2649 1256 2687 vinculis
1278 2661 1334 2686 res
1356 2660 1528 2702 torqueat
1547 2653 1584 2688 &
1604 2663 1683 2703 pre-

103 2719 192 2755 mat,
208 2721 262 2745 res
279 2709 444 2757 quidem,
468 2705 493 2743 si
515 2719 587 2756 qua
600 2706 685 2754 fuit,
711 2706 868 2744 elabitur
886 2702 1056 2755 protinus
1084 2703 1122 2740 &
1137 2703 1257 2745 exilits
1287 2703 1362 2753 ipse
1388 2717 1478 2742 vcro
1511 2705 1625 2742 aridas
1646 2708 1684 2743 δε

102 2759 354 2801 desertissimas
369 2774 484 2811 nugas
503 2759 652 2810 stringit.
708 2761 837 2808 Atque
847 2758 1029 2811 Aquinas
1044 2760 1198 2807 quidem
1214 2771 1301 2796 curn
1317 2757 1428 2797 Scoto
1455 2762 1493 2797 ὅ(
1518 2760 1622 2797 sociis
1648 2773 1682 2797 e-

105 2817 193 2855 tiam
223 2819 263 2854 in
291 2830 372 2854 non
398 2817 505 2854 rebus
524 2827 648 2853 rerum
674 2817 889 2854 varietatem
907 2809 1062 2859 effinxit,
1087 2812 1145 2850 hic
1164 2826 1254 2852 vero
1281 2813 1391 2851 etiam
1419 2816 1460 2852 in
1479 2817 1585 2852 rebus
1605 2827 1686 2852 non

105 2883 226 2909 rerum
244 2871 482 2909 solitudinem
497 2869 673 2919 aequavit.
729 2870 858 2921 Atque
873 2869 945 2905 hoc
960 2868 1125 2906 hominis
1149 2881 1236 2906 cum
1256 2867 1310 2915 sit,
1346 2870 1531 2908 humanos
1556 2880 1683 2907 tamen

106 2925 189 2962 usus
202 2925 239 2962 in
255 2939 321 2963 ore
335 2927 443 2963 habet
465 2926 676 2977 impudens,
709 2935 750 2962 ut
777 2922 868 2960 mihi
888 2923 999 2959 etiam
1027 2936 1096 2974 pro
1124 2923 1284 2974 sophistis
1308 2926 1540 2973 praevaricari
1567 2923 1684 2960 videa-

107 2991 180 3017 tur.
226 2982 369 3018 Verum
389 2981 458 3018 hos
478 2980 601 3017 mifi'os
618 2980 805 3017 faciamus.
862 2979 1011 3014 Citetur
1030 2980 1104 3023 jam
1129 2981 1166 3021 ἅ
1191 2976 1325 3025 Plato,
1353 2981 1543 3016 cavillator
1564 2976 1683 3016 Urba-

107 3046 190 3081 nus,
205 3036 370 3072 tumidus
384 3037 505 3087 poeta,
527 3035 727 3084 theologus
747 3043 874 3070 mente
889 3043 1023 3082 captus,
1081 3035 1142 3069 Tu
1171 3044 1269 3071 certe
1298 3035 1388 3071 dum
1423 3044 1592 3069 rumores
1619 3045 1682 3069 ne-

112 3089 186 3125 scio
207 3101 301 3137 quos
313 3089 587 3140 philosophicos
604 3090 748 3127 limares
772 3090 809 3125 &
836 3086 943 3126 simul
963 3089 1216 3125 committeres
1242 3101 1284 3126 ac
1312 3089 1501 3125 scientiam
1519 3084 1685 3124 diffimu-

110 3144 223 3181 lando
237 3141 431 3193 simulares,
453 3144 671 3193 animosque
699 3142 795 3194 vagis
822 3142 1097 3180 inductionibus
1117 3154 1274 3181 tentares
1312 3147 1348 3182 ὃ(
1381 3142 1592 3187 exsolveres,
1621 3142 1686 3178 vel

161 3199 279 3237 Voi..
308 3199 352 3235 11.
836 3197 906 3236 Kk
936 3208 955 3233 2
1565 3198 1684 3233 litera-

1758 257 1857 314 259
