<?xml version="1.0" encoding="UTF-8"?>
<!DOCTYPE html PUBLIC "-//W3C//DTD XHTML 1.0 Transitional//EN"
    "http://www.w3.org/TR/xhtml1/DTD/xhtml1-transitional.dtd">
<html xmlns="http://www.w3.org/1999/xhtml" xml:lang="en" lang="en">
 <head>
  <title>
</title>
<meta http-equiv="Content-Type" content="text/html;charset=utf-8" />
  <meta name='ocr-system' content='tesseract 3.04.00' />
  <meta name='ocr-capabilities' content='ocr_page ocr_carea ocr_par ocr_line ocrx_word'/>
</head>
<body>
  <div class='ocr_page' id='page_1' title='image "./worksoffrancisba02baco_0059.png"; bbox 0 0 1973 3570; ppageno 0'>
   <div class='ocr_carea' id='block_1_1' title="bbox 391 172 1396 228">
    <p class='ocr_par' dir='ltr' id='par_1_1' title="bbox 391 172 1396 228">
     <span class='ocr_line' id='line_1_1' title="bbox 391 172 1396 228; baseline -0.006 0"><span class='ocrx_word' id='word_1_1' title='bbox 391 176 806 228; x_wconf 84' lang='lat' dir='ltr'>HISTORIA</span> <span class='ocrx_word' id='word_1_2' title='bbox 860 172 1396 224; x_wconf 76' lang='lat' dir='ltr'>VENTORUM.·</span> 
     </span>
    </p>
   </div>
   <div class='ocr_carea' id='block_1_2' title="bbox 75 279 1691 1711">
    <p class='ocr_par' dir='ltr' id='par_1_2' title="bbox 76 279 1687 827">
     <span class='ocr_line' id='line_1_2' title="bbox 139 279 1686 332; baseline 0.001 -13"><span class='ocrx_word' id='word_1_3' title='bbox 139 292 202 332; x_wconf 80' lang='lat'>30.</span> <span class='ocrx_word' id='word_1_4' title='bbox 235 282 501 319; x_wconf 75' lang='lat' dir='ltr'>SEDANTUR</span> <span class='ocrx_word' id='word_1_5' title='bbox 523 282 559 317; x_wconf 76' lang='grc' dir='ltr'>ὅ(</span> <span class='ocrx_word' id='word_1_6' title='bbox 575 282 796 317; x_wconf 78' lang='lat' dir='ltr'>co&#39;circentur</span> <span class='ocrx_word' id='word_1_7' title='bbox 818 281 920 316; x_wconf 83' lang='lat' dir='ltr'>venti</span> <span class='ocrx_word' id='word_1_8' title='bbox 936 279 1103 327; x_wconf 83' lang='lat' dir='ltr'>quinque</span> <span class='ocrx_word' id='word_1_9' title='bbox 1128 279 1272 316; x_wconf 73' lang='lat' dir='ltr'>modis:</span> <span class='ocrx_word' id='word_1_10' title='bbox 1307 281 1410 318; x_wconf 86' lang='lat' dir='ltr'>Cum</span> <span class='ocrx_word' id='word_1_11' title='bbox 1434 293 1495 320; x_wconf 76' lang='lat' dir='ltr'>aut</span> <span class='ocrx_word' id='word_1_12' title='bbox 1519 287 1601 331; x_wconf 68' lang='lat' dir='ltr'>aer,-</span> <span class='ocrx_word' id='word_1_13' title='bbox 1630 299 1686 325; x_wconf 66' lang='lat' dir='ltr'>va-</span> 
     </span>
     <span class='ocr_line' id='line_1_3' title="bbox 81 334 1687 386; baseline 0.002 -13"><span class='ocrx_word' id='word_1_14' title='bbox 81 338 238 386; x_wconf 83' lang='lat' dir='ltr'>poribus</span> <span class='ocrx_word' id='word_1_15' title='bbox 263 346 438 373; x_wconf 86' lang='lat' dir='ltr'>oneratus</span> <span class='ocrx_word' id='word_1_16' title='bbox 463 339 499 373; x_wconf 83' lang='lat'>&amp;</span> <span class='ocrx_word' id='word_1_17' title='bbox 523 336 768 380; x_wconf 77' lang='lat' dir='ltr'>tunmltuans,</span> <span class='ocrx_word' id='word_1_18' title='bbox 798 335 988 374; x_wconf 74' lang='lat' dir='ltr'>liberatur,</span> <span class='ocrx_word' id='word_1_19' title='bbox 1024 334 1224 382; x_wconf 73' lang='lat' dir='ltr'>vaporibus</span> <span class='ocrx_word' id='word_1_20' title='bbox 1249 335 1283 372; x_wconf 89' lang='lat' dir='ltr'>se</span> <span class='ocrx_word' id='word_1_21' title='bbox 1310 337 1619 377; x_wconf 78' lang='lat' dir='ltr'>contrahentibus</span> <span class='ocrx_word' id='word_1_22' title='bbox 1647 344 1687 379; x_wconf 79' lang='lat' dir='ltr'>in</span> 
     </span>
     <span class='ocr_line' id='line_1_4' title="bbox 80 386 1685 442; baseline 0.003 -14"><span class='ocrx_word' id='word_1_23' title='bbox 80 393 268 442; x_wconf 62' lang='lat' dir='ltr'>plurimu</span> <span class='ocrx_word' id='word_1_24' title='bbox 299 402 359 429; x_wconf 78' lang='lat' dir='ltr'>aut</span> <span class='ocrx_word' id='word_1_25' title='bbox 377 403 463 429; x_wconf 86' lang='lat' dir='ltr'>cum</span> <span class='ocrx_word' id='word_1_26' title='bbox 478 402 630 439; x_wconf 78' lang='lat' dir='ltr'>vapores</span> <span class='ocrx_word' id='word_1_27' title='bbox 646 386 867 439; x_wconf 77' lang='lat' dir='ltr'>dissipantur</span> <span class='ocrx_word' id='word_1_28' title='bbox 883 391 919 426; x_wconf 83' lang='lat'>&amp;</span> <span class='ocrx_word' id='word_1_29' title='bbox 934 389 1028 426; x_wconf 83' lang='lat' dir='ltr'>fiunt</span> <span class='ocrx_word' id='word_1_30' title='bbox 1045 388 1270 435; x_wconf 74' lang='lat' dir='ltr'>subtiliores,</span> <span class='ocrx_word' id='word_1_31' title='bbox 1300 391 1400 428; x_wconf 77' lang='lat' dir='ltr'>unde</span> <span class='ocrx_word' id='word_1_32' title='bbox 1415 394 1685 441; x_wconf 72' lang='lat' dir='ltr'>permiscentur</span> 
     </span>
     <span class='ocr_line' id='line_1_5' title="bbox 80 443 1685 496; baseline 0.002 -13"><span class='ocrx_word' id='word_1_33' title='bbox 80 449 167 493; x_wconf 72' lang='lat' dir='ltr'>aeti,</span> <span class='ocrx_word' id='word_1_34' title='bbox 205 450 241 484; x_wconf 67' lang='grc' dir='ltr'>ὃς</span> <span class='ocrx_word' id='word_1_35' title='bbox 266 447 361 483; x_wconf 89' lang='lat' dir='ltr'>belle</span> <span class='ocrx_word' id='word_1_36' title='bbox 377 459 463 483; x_wconf 89' lang='lat' dir='ltr'>cum</span> <span class='ocrx_word' id='word_1_37' title='bbox 488 445 567 495; x_wconf 82' lang='lat' dir='ltr'>ipso</span> <span class='ocrx_word' id='word_1_38' title='bbox 587 448 820 483; x_wconf 83' lang='lat' dir='ltr'>conveniunt</span> <span class='ocrx_word' id='word_1_39' title='bbox 846 447 882 482; x_wconf 74' lang='grc' dir='ltr'>ὅ(</span> <span class='ocrx_word' id='word_1_40' title='bbox 897 446 1023 492; x_wconf 84' lang='lat' dir='ltr'>quiete</span> <span class='ocrx_word' id='word_1_41' title='bbox 1047 443 1210 493; x_wconf 69' lang='lat' dir='ltr'>degunts</span> <span class='ocrx_word' id='word_1_42' title='bbox 1241 456 1304 482; x_wconf 85' lang='lat' dir='ltr'>aut</span> <span class='ocrx_word' id='word_1_43' title='bbox 1328 458 1414 483; x_wconf 86' lang='lat' dir='ltr'>cum</span> <span class='ocrx_word' id='word_1_44' title='bbox 1439 460 1593 496; x_wconf 67' lang='lat' dir='ltr'>vapores</span> <span class='ocrx_word' id='word_1_45' title='bbox 1619 448 1685 488; x_wconf 75' lang='lat' dir='ltr'>sive</span> 
     </span>
     <span class='ocr_line' id='line_1_6' title="bbox 77 499 1686 551; baseline 0.001 -12"><span class='ocrx_word' id='word_1_46' title='bbox 77 501 211 539; x_wconf 77' lang='lat' dir='ltr'>halitus</span> <span class='ocrx_word' id='word_1_47' title='bbox 228 504 434 538; x_wconf 70' lang='lat' dir='ltr'>exaltantur</span> <span class='ocrx_word' id='word_1_48' title='bbox 449 504 484 538; x_wconf 57' lang='grc' dir='ltr'>ἃ</span> <span class='ocrx_word' id='word_1_49' title='bbox 507 501 753 538; x_wconf 70' lang='lat' dir='ltr'>sublimantur</span> <span class='ocrx_word' id='word_1_50' title='bbox 771 502 809 537; x_wconf 86' lang='lat' dir='ltr'>in</span> <span class='ocrx_word' id='word_1_51' title='bbox 826 501 956 545; x_wconf 85' lang='lat' dir='ltr'>altum,</span> <span class='ocrx_word' id='word_1_52' title='bbox 987 499 1081 535; x_wconf 80' lang='lat' dir='ltr'>adeo</span> <span class='ocrx_word' id='word_1_53' title='bbox 1096 510 1137 536; x_wconf 89' lang='lat' dir='ltr'>ut</span> <span class='ocrx_word' id='word_1_54' title='bbox 1160 502 1305 547; x_wconf 77' lang='lat' dir='ltr'>requies</span> <span class='ocrx_word' id='word_1_55' title='bbox 1320 499 1361 538; x_wconf 76' lang='lat' dir='ltr'>lit</span> <span class='ocrx_word' id='word_1_56' title='bbox 1377 503 1421 538; x_wconf 81' lang='lat' dir='ltr'>ab</span> <span class='ocrx_word' id='word_1_57' title='bbox 1439 501 1531 551; x_wconf 74' lang='lat' dir='ltr'>ipfis,</span> <span class='ocrx_word' id='word_1_58' title='bbox 1562 504 1686 542; x_wconf 72' lang='lat' dir='ltr'>donee</span> 
     </span>
     <span class='ocr_line' id='line_1_7' title="bbox 78 556 1685 606; baseline -0.001 -12"><span class='ocrx_word' id='word_1_59' title='bbox 78 568 99 594; x_wconf 90' lang='lat' dir='ltr'>a</span> <span class='ocrx_word' id='word_1_60' title='bbox 114 557 236 594; x_wconf 80' lang='lat' dir='ltr'>media</span> <span class='ocrx_word' id='word_1_61' title='bbox 252 559 408 606; x_wconf 63' lang='lat' dir='ltr'>regione</span> <span class='ocrx_word' id='word_1_62' title='bbox 424 559 516 593; x_wconf 73' lang='lat' dir='ltr'>aeris</span> <span class='ocrx_word' id='word_1_63' title='bbox 532 556 754 600; x_wconf 79' lang='lat' dir='ltr'>dejiciantur</span> <span class='ocrx_word' id='word_1_64' title='bbox 769 566 830 593; x_wconf 87' lang='lat' dir='ltr'>aut</span> <span class='ocrx_word' id='word_1_65' title='bbox 847 568 929 592; x_wconf 79' lang='lat' dir='ltr'>eam</span> <span class='ocrx_word' id='word_1_66' title='bbox 945 564 1164 603; x_wconf 80' lang='lat' dir='ltr'>pcnetrent3</span> <span class='ocrx_word' id='word_1_67' title='bbox 1193 566 1255 591; x_wconf 87' lang='lat' dir='ltr'>aut</span> <span class='ocrx_word' id='word_1_68' title='bbox 1271 568 1358 593; x_wconf 90' lang='lat' dir='ltr'>cum</span> <span class='ocrx_word' id='word_1_69' title='bbox 1374 569 1539 606; x_wconf 73' lang='lat' dir='ltr'>vapores,</span> <span class='ocrx_word' id='word_1_70' title='bbox 1570 561 1685 596; x_wconf 59' lang='lat' dir='ltr'>coafiti</span> 
     </span>
     <span class='ocr_line' id='line_1_8' title="bbox 79 609 1686 662; baseline 0.001 -13"><span class='ocrx_word' id='word_1_71' title='bbox 79 614 119 649; x_wconf 87' lang='lat' dir='ltr'>in</span> <span class='ocrx_word' id='word_1_72' title='bbox 145 614 274 658; x_wconf 83' lang='lat' dir='ltr'>nubes,</span> <span class='ocrx_word' id='word_1_73' title='bbox 305 613 349 648; x_wconf 80' lang='lat' dir='ltr'>ab</span> <span class='ocrx_word' id='word_1_74' title='bbox 370 614 449 648; x_wconf 71' lang='lat' dir='ltr'>aliis</span> <span class='ocrx_word' id='word_1_75' title='bbox 465 613 584 649; x_wconf 78' lang='lat' dir='ltr'>ventis</span> <span class='ocrx_word' id='word_1_76' title='bbox 608 612 648 647; x_wconf 88' lang='lat' dir='ltr'>in</span> <span class='ocrx_word' id='word_1_77' title='bbox 665 611 743 647; x_wconf 81' lang='lat' dir='ltr'>alto</span> <span class='ocrx_word' id='word_1_78' title='bbox 767 610 1000 660; x_wconf 77' lang='lat' dir='ltr'>spirantibus,</span> <span class='ocrx_word' id='word_1_79' title='bbox 1029 609 1318 647; x_wconf 78' lang='lat' dir='ltr'>transvehuntur</span> <span class='ocrx_word' id='word_1_80' title='bbox 1335 613 1374 648; x_wconf 86' lang='lat' dir='ltr'>in</span> <span class='ocrx_word' id='word_1_81' title='bbox 1399 614 1485 649; x_wconf 70' lang='lat' dir='ltr'>alias</span> <span class='ocrx_word' id='word_1_82' title='bbox 1502 615 1686 662; x_wconf 63' lang='lat' dir='ltr'>regiones,</span> 
     </span>
     <span class='ocr_line' id='line_1_9' title="bbox 78 665 1683 717; baseline 0.001 -13"><span class='ocrx_word' id='word_1_83' title='bbox 78 677 120 704; x_wconf 93' lang='lat' dir='ltr'>ut</span> <span class='ocrx_word' id='word_1_84' title='bbox 135 679 200 717; x_wconf 77' lang='lat' dir='ltr'>pax</span> <span class='ocrx_word' id='word_1_85' title='bbox 217 665 257 704; x_wconf 82' lang='lat' dir='ltr'>fit</span> <span class='ocrx_word' id='word_1_86' title='bbox 274 668 318 703; x_wconf 80' lang='lat' dir='ltr'>ab</span> <span class='ocrx_word' id='word_1_87' title='bbox 341 665 420 716; x_wconf 75' lang='lat' dir='ltr'>iplis</span> <span class='ocrx_word' id='word_1_88' title='bbox 436 668 475 703; x_wconf 88' lang='lat' dir='ltr'>in</span> <span class='ocrx_word' id='word_1_89' title='bbox 493 667 710 715; x_wconf 74' lang='lat' dir='ltr'>regionibus</span> <span class='ocrx_word' id='word_1_90' title='bbox 726 678 814 714; x_wconf 65' lang='lat' dir='ltr'>quas</span> <span class='ocrx_word' id='word_1_91' title='bbox 830 665 1104 715; x_wconf 73' lang='lat' dir='ltr'>praetervolant</span> <span class='ocrx_word' id='word_1_92' title='bbox 1119 678 1128 704; x_wconf 82' lang='lat'>3</span> <span class='ocrx_word' id='word_1_93' title='bbox 1158 675 1220 702; x_wconf 83' lang='lat' dir='ltr'>aut</span> <span class='ocrx_word' id='word_1_94' title='bbox 1237 666 1413 714; x_wconf 78' lang='lat' dir='ltr'>denique,</span> <span class='ocrx_word' id='word_1_95' title='bbox 1442 679 1530 704; x_wconf 90' lang='lat' dir='ltr'>cum</span> <span class='ocrx_word' id='word_1_96' title='bbox 1546 671 1647 706; x_wconf 78' lang='lat' dir='ltr'>venti</span> <span class='ocrx_word' id='word_1_97' title='bbox 1664 682 1683 706; x_wconf 85' lang='lat' dir='ltr'>a</span> 
     </span>
     <span class='ocr_line' id='line_1_10' title="bbox 76 720 1687 772; baseline 0.002 -14"><span class='ocrx_word' id='word_1_98' title='bbox 76 721 275 760; x_wconf 77' lang='lat' dir='ltr'>fomitibus</span> <span class='ocrx_word' id='word_1_99' title='bbox 287 723 355 759; x_wconf 80' lang='lat' dir='ltr'>suis</span> <span class='ocrx_word' id='word_1_100' title='bbox 367 721 555 771; x_wconf 79' lang='lat' dir='ltr'>spirantes,</span> <span class='ocrx_word' id='word_1_101' title='bbox 572 721 693 770; x_wconf 73' lang='lat' dir='ltr'>longo</span> <span class='ocrx_word' id='word_1_102' title='bbox 703 722 836 758; x_wconf 87' lang='lat' dir='ltr'>itincre</span> <span class='ocrx_word' id='word_1_103' title='bbox 848 733 916 757; x_wconf 82' lang='lat' dir='ltr'>nec</span> <span class='ocrx_word' id='word_1_104' title='bbox 928 720 1147 758; x_wconf 75' lang='lat' dir='ltr'>succedente</span> <span class='ocrx_word' id='word_1_105' title='bbox 1156 732 1255 759; x_wconf 82' lang='lat' dir='ltr'>nova</span> <span class='ocrx_word' id='word_1_106' title='bbox 1265 723 1420 758; x_wconf 73' lang='lat' dir='ltr'>materia</span> <span class='ocrx_word' id='word_1_107' title='bbox 1431 723 1687 772; x_wconf 65' lang='lat' dir='ltr'>languescunt,</span> 
     </span>
     <span class='ocr_line' id='line_1_11' title="bbox 79 774 1491 827; baseline -0.002 -13"><span class='ocrx_word' id='word_1_108' title='bbox 79 779 116 814; x_wconf 88' lang='lat'>&amp;</span> <span class='ocrx_word' id='word_1_109' title='bbox 131 779 274 827; x_wconf 86' lang='lat' dir='ltr'>impetu</span> <span class='ocrx_word' id='word_1_110' title='bbox 292 777 357 814; x_wconf 85' lang='lat' dir='ltr'>suo</span> <span class='ocrx_word' id='word_1_111' title='bbox 373 777 619 814; x_wconf 78' lang='lat' dir='ltr'>destituuntur</span> <span class='ocrx_word' id='word_1_112' title='bbox 636 779 672 812; x_wconf 75' lang='grc' dir='ltr'>ὅ(</span> <span class='ocrx_word' id='word_1_113' title='bbox 683 774 781 824; x_wconf 78' lang='lat' dir='ltr'>quasi</span> <span class='ocrx_word' id='word_1_114' title='bbox 797 777 976 825; x_wconf 79' lang='lat' dir='ltr'>expirant.</span> <span class='ocrx_word' id='word_1_115' title='bbox 1487 792 1491 797; x_wconf 95' lang='lat'>·</span> 
     </span>
    </p>

    <p class='ocr_par' dir='ltr' id='par_1_3' title="bbox 79 830 1687 937">
     <span class='ocr_line' id='line_1_12' title="bbox 133 830 1687 883; baseline 0.002 -14"><span class='ocrx_word' id='word_1_116' title='bbox 133 843 196 883; x_wconf 85' lang='lat'>31.</span> <span class='ocrx_word' id='word_1_117' title='bbox 226 834 315 870; x_wconf 77' lang='lat' dir='ltr'>IMss</span> <span class='ocrx_word' id='word_1_118' title='bbox 326 845 351 869; x_wconf 79' lang='lat' dir='ltr'>R</span> <span class='ocrx_word' id='word_1_119' title='bbox 362 844 409 869; x_wconf 82' lang='lat' dir='ltr'>Es</span> <span class='ocrx_word' id='word_1_120' title='bbox 425 834 646 881; x_wconf 78' lang='lat' dir='ltr'>plerumque</span> <span class='ocrx_word' id='word_1_121' title='bbox 662 842 795 869; x_wconf 82' lang='lat' dir='ltr'>ventos</span> <span class='ocrx_word' id='word_1_122' title='bbox 811 831 948 878; x_wconf 78' lang='lat' dir='ltr'>sedant,</span> <span class='ocrx_word' id='word_1_123' title='bbox 970 830 1186 880; x_wconf 84' lang='lat' dir='ltr'>praesertim</span> <span class='ocrx_word' id='word_1_124' title='bbox 1201 831 1446 881; x_wconf 81' lang='lat' dir='ltr'>procellosos,</span> <span class='ocrx_word' id='word_1_125' title='bbox 1477 843 1518 869; x_wconf 90' lang='lat' dir='ltr'>ut</span> <span class='ocrx_word' id='word_1_126' title='bbox 1534 836 1571 870; x_wconf 63' lang='grc' dir='ltr'>ὃς</span> <span class='ocrx_word' id='word_1_127' title='bbox 1585 837 1687 872; x_wconf 80' lang='lat' dir='ltr'>venti</span> 
     </span>
     <span class='ocr_line' id='line_1_13' title="bbox 79 887 748 937; baseline -0.003 -12"><span class='ocrx_word' id='word_1_128' title='bbox 79 898 211 926; x_wconf 77' lang='lat' dir='ltr'>contra</span> <span class='ocrx_word' id='word_1_129' title='bbox 226 887 365 937; x_wconf 77' lang='lat' dir='ltr'>saepius</span> <span class='ocrx_word' id='word_1_130' title='bbox 385 888 557 924; x_wconf 75' lang='lat' dir='ltr'>detinent</span> <span class='ocrx_word' id='word_1_131' title='bbox 574 887 748 923; x_wconf 81' lang='lat' dir='ltr'>imbrem.</span> 
     </span>
    </p>

    <p class='ocr_par' dir='ltr' id='par_1_4' title="bbox 77 940 1689 1213">
     <span class='ocr_line' id='line_1_14' title="bbox 133 940 1687 993; baseline 0.001 -13"><span class='ocrx_word' id='word_1_132' title='bbox 133 953 197 993; x_wconf 66' lang='lat'>32„</span> <span class='ocrx_word' id='word_1_133' title='bbox 229 943 583 980; x_wconf 74' lang='lat' dir='ltr'>CONTRAHUNT</span> <span class='ocrx_word' id='word_1_134' title='bbox 606 941 640 978; x_wconf 85' lang='lat' dir='ltr'>se</span> <span class='ocrx_word' id='word_1_135' title='bbox 663 943 767 979; x_wconf 90' lang='lat' dir='ltr'>venti</span> <span class='ocrx_word' id='word_1_136' title='bbox 790 943 830 978; x_wconf 91' lang='lat' dir='ltr'>in</span> <span class='ocrx_word' id='word_1_137' title='bbox 855 942 1019 990; x_wconf 75' lang='lat' dir='ltr'>pluviam</span> <span class='ocrx_word' id='word_1_138' title='bbox 1044 940 1122 989; x_wconf 85' lang='lat' dir='ltr'>(qui</span> <span class='ocrx_word' id='word_1_139' title='bbox 1148 941 1196 977; x_wconf 85' lang='lat' dir='ltr'>est</span> <span class='ocrx_word' id='word_1_140' title='bbox 1220 943 1362 989; x_wconf 85' lang='lat' dir='ltr'>primus</span> <span class='ocrx_word' id='word_1_141' title='bbox 1385 955 1428 979; x_wconf 77' lang='lat' dir='ltr'>ex</span> <span class='ocrx_word' id='word_1_142' title='bbox 1448 944 1617 991; x_wconf 76' lang='lat' dir='ltr'>quinque</span> <span class='ocrx_word' id='word_1_143' title='bbox 1639 944 1687 981; x_wconf 84' lang='lat' dir='ltr'>se-</span> 
     </span>
     <span class='ocr_line' id='line_1_15' title="bbox 78 996 1689 1046; baseline 0.001 -11"><span class='ocrx_word' id='word_1_144' title='bbox 78 997 192 1035; x_wconf 74' lang='lat' dir='ltr'>dandi</span> <span class='ocrx_word' id='word_1_145' title='bbox 216 999 351 1044; x_wconf 72' lang='lat' dir='ltr'>modis,</span> <span class='ocrx_word' id='word_1_146' title='bbox 383 998 484 1046; x_wconf 82' lang='lat' dir='ltr'>isque</span> <span class='ocrx_word' id='word_1_147' title='bbox 508 998 737 1046; x_wconf 80' lang='lat' dir='ltr'>praecipuus)</span> <span class='ocrx_word' id='word_1_148' title='bbox 769 1007 831 1032; x_wconf 83' lang='lat' dir='ltr'>aut</span> <span class='ocrx_word' id='word_1_149' title='bbox 852 996 932 1044; x_wconf 77' lang='lat' dir='ltr'>ipso</span> <span class='ocrx_word' id='word_1_150' title='bbox 956 1007 1072 1032; x_wconf 87' lang='lat' dir='ltr'>onere</span> <span class='ocrx_word' id='word_1_151' title='bbox 1096 998 1232 1043; x_wconf 71' lang='lat' dir='ltr'>gravati</span> <span class='ocrx_word' id='word_1_152' title='bbox 1255 1008 1343 1032; x_wconf 86' lang='lat' dir='ltr'>eum</span> <span class='ocrx_word' id='word_1_153' title='bbox 1363 1009 1516 1046; x_wconf 76' lang='lat' dir='ltr'>vapores</span> <span class='ocrx_word' id='word_1_154' title='bbox 1540 997 1608 1035; x_wconf 80' lang='lat' dir='ltr'>sint</span> <span class='ocrx_word' id='word_1_155' title='bbox 1629 1011 1689 1042; x_wconf 66' lang='lat' dir='ltr'>co,-</span> 
     </span>
     <span class='ocr_line' id='line_1_16' title="bbox 77 1048 1686 1104; baseline 0.001 -15"><span class='ocrx_word' id='word_1_156' title='bbox 77 1052 181 1102; x_wconf 76' lang='lat' dir='ltr'>piosi,</span> <span class='ocrx_word' id='word_1_157' title='bbox 212 1064 272 1091; x_wconf 87' lang='lat' dir='ltr'>aut</span> <span class='ocrx_word' id='word_1_158' title='bbox 289 1066 441 1104; x_wconf 75' lang='lat' dir='ltr'>propter</span> <span class='ocrx_word' id='word_1_159' title='bbox 461 1053 671 1089; x_wconf 82' lang='lat' dir='ltr'>contrarios</span> <span class='ocrx_word' id='word_1_160' title='bbox 688 1061 814 1088; x_wconf 84' lang='lat' dir='ltr'>motus</span> <span class='ocrx_word' id='word_1_161' title='bbox 830 1060 1033 1087; x_wconf 84' lang='lat' dir='ltr'>ventorum</span> <span class='ocrx_word' id='word_1_162' title='bbox 1050 1051 1170 1086; x_wconf 83' lang='lat' dir='ltr'>modo</span> <span class='ocrx_word' id='word_1_163' title='bbox 1186 1048 1254 1086; x_wconf 81' lang='lat' dir='ltr'>sint</span> <span class='ocrx_word' id='word_1_164' title='bbox 1271 1052 1417 1099; x_wconf 80' lang='lat' dir='ltr'>placidi,</span> <span class='ocrx_word' id='word_1_165' title='bbox 1448 1064 1510 1089; x_wconf 84' lang='lat' dir='ltr'>aut</span> <span class='ocrx_word' id='word_1_166' title='bbox 1532 1065 1686 1103; x_wconf 85' lang='lat' dir='ltr'>propter</span> 
     </span>
     <span class='ocr_line' id='line_1_17' title="bbox 78 1103 1685 1157; baseline 0 -12"><span class='ocrx_word' id='word_1_167' title='bbox 78 1108 204 1145; x_wconf 85' lang='lat' dir='ltr'>obices</span> <span class='ocrx_word' id='word_1_168' title='bbox 220 1119 410 1145; x_wconf 82' lang='lat' dir='ltr'>montium</span> <span class='ocrx_word' id='word_1_169' title='bbox 430 1111 465 1144; x_wconf 68' lang='grc' dir='ltr'>δε</span> <span class='ocrx_word' id='word_1_170' title='bbox 480 1107 841 1156; x_wconf 82' lang='lat' dir='ltr'>promontoriorum</span> <span class='ocrx_word' id='word_1_171' title='bbox 858 1118 950 1154; x_wconf 71' lang='lat' dir='ltr'>quae</span> <span class='ocrx_word' id='word_1_172' title='bbox 966 1103 1089 1141; x_wconf 78' lang='lat' dir='ltr'>sistunt</span> <span class='ocrx_word' id='word_1_173' title='bbox 1106 1106 1292 1153; x_wconf 87' lang='lat' dir='ltr'>impetum</span> <span class='ocrx_word' id='word_1_174' title='bbox 1308 1117 1524 1153; x_wconf 81' lang='lat' dir='ltr'>ventorum,</span> <span class='ocrx_word' id='word_1_175' title='bbox 1547 1109 1685 1157; x_wconf 84' lang='lat' dir='ltr'>eosque</span> 
     </span>
     <span class='ocr_line' id='line_1_18' title="bbox 78 1158 1512 1213; baseline -0.002 -13"><span class='ocrx_word' id='word_1_176' title='bbox 78 1165 256 1213; x_wconf 85' lang='lat' dir='ltr'>paulatim</span> <span class='ocrx_word' id='word_1_177' title='bbox 273 1165 312 1199; x_wconf 90' lang='lat' dir='ltr'>in</span> <span class='ocrx_word' id='word_1_178' title='bbox 330 1162 364 1199; x_wconf 90' lang='lat' dir='ltr'>se</span> <span class='ocrx_word' id='word_1_179' title='bbox 379 1172 541 1208; x_wconf 68' lang='lat' dir='ltr'>vertunt,</span> <span class='ocrx_word' id='word_1_180' title='bbox 572 1172 634 1199; x_wconf 89' lang='lat' dir='ltr'>aut</span> <span class='ocrx_word' id='word_1_181' title='bbox 649 1173 713 1210; x_wconf 88' lang='lat' dir='ltr'>per</span> <span class='ocrx_word' id='word_1_182' title='bbox 729 1161 870 1210; x_wconf 79' lang='lat' dir='ltr'>frigora</span> <span class='ocrx_word' id='word_1_183' title='bbox 890 1158 1091 1197; x_wconf 81' lang='lat' dir='ltr'>intensiora</span> <span class='ocrx_word' id='word_1_184' title='bbox 1107 1161 1207 1196; x_wconf 86' lang='lat' dir='ltr'>unde</span> <span class='ocrx_word' id='word_1_185' title='bbox 1223 1159 1512 1198; x_wconf 67' lang='lat' dir='ltr'>condenlantur.</span> 
     </span>
    </p>

    <p class='ocr_par' dir='ltr' id='par_1_5' title="bbox 77 1215 1687 1375">
     <span class='ocr_line' id='line_1_19' title="bbox 132 1215 1687 1268; baseline -0.001 -12"><span class='ocrx_word' id='word_1_186' title='bbox 132 1228 195 1268; x_wconf 83' lang='lat'>33.</span> <span class='ocrx_word' id='word_1_187' title='bbox 229 1220 423 1256; x_wconf 80' lang='lat' dir='ltr'>SoLENT</span> <span class='ocrx_word' id='word_1_188' title='bbox 448 1219 671 1267; x_wconf 87' lang='lat' dir='ltr'>plerumque</span> <span class='ocrx_word' id='word_1_189' title='bbox 694 1218 809 1262; x_wconf 87' lang='lat' dir='ltr'>venti,</span> <span class='ocrx_word' id='word_1_190' title='bbox 840 1218 1008 1252; x_wconf 85' lang='lat' dir='ltr'>minores</span> <span class='ocrx_word' id='word_1_191' title='bbox 1029 1217 1066 1252; x_wconf 73' lang='grc' dir='ltr'>ὅ(</span> <span class='ocrx_word' id='word_1_192' title='bbox 1089 1215 1259 1256; x_wconf 70' lang='lat' dir='ltr'>leviores,</span> <span class='ocrx_word' id='word_1_193' title='bbox 1291 1227 1402 1252; x_wconf 82' lang='lat' dir='ltr'>mane</span> <span class='ocrx_word' id='word_1_194' title='bbox 1429 1218 1520 1252; x_wconf 90' lang='lat' dir='ltr'>oriri</span> <span class='ocrx_word' id='word_1_195' title='bbox 1542 1218 1578 1253; x_wconf 67' lang='grc' dir='ltr'>ὃ(</span> <span class='ocrx_word' id='word_1_196' title='bbox 1600 1230 1687 1254; x_wconf 89' lang='lat' dir='ltr'>cum</span> 
     </span>
     <span class='ocr_line' id='line_1_20' title="bbox 77 1269 1687 1320; baseline -0.001 -10"><span class='ocrx_word' id='word_1_197' title='bbox 77 1272 157 1316; x_wconf 85' lang='lat' dir='ltr'>sole</span> <span class='ocrx_word' id='word_1_198' title='bbox 185 1273 423 1320; x_wconf 85' lang='lat' dir='ltr'>decumbere,</span> <span class='ocrx_word' id='word_1_199' title='bbox 462 1269 668 1310; x_wconf 85' lang='lat' dir='ltr'>sufficiente</span> <span class='ocrx_word' id='word_1_200' title='bbox 697 1271 995 1308; x_wconf 78' lang='lat' dir='ltr'>condensatione</span> <span class='ocrx_word' id='word_1_201' title='bbox 1018 1271 1112 1307; x_wconf 77' lang='lat' dir='ltr'>aeris</span> <span class='ocrx_word' id='word_1_202' title='bbox 1140 1271 1326 1308; x_wconf 66' lang='lat' dir='ltr'>nociurna</span> <span class='ocrx_word' id='word_1_203' title='bbox 1355 1271 1399 1308; x_wconf 89' lang='lat' dir='ltr'>ad</span> <span class='ocrx_word' id='word_1_204' title='bbox 1428 1273 1687 1320; x_wconf 86' lang='lat' dir='ltr'>receptionem</span> 
     </span>
     <span class='ocr_line' id='line_1_21' title="bbox 77 1322 1559 1375; baseline -0.002 -9"><span class='ocrx_word' id='word_1_205' title='bbox 77 1340 223 1367; x_wconf 86' lang='lat' dir='ltr'>corum.</span> <span class='ocrx_word' id='word_1_206' title='bbox 279 1328 360 1365; x_wconf 83' lang='lat' dir='ltr'>A&#39;er</span> <span class='ocrx_word' id='word_1_207' title='bbox 375 1330 479 1365; x_wconf 88' lang='lat' dir='ltr'>enim</span> <span class='ocrx_word' id='word_1_208' title='bbox 495 1328 722 1365; x_wconf 83' lang='lat' dir='ltr'>nonnullam</span> <span class='ocrx_word' id='word_1_209' title='bbox 736 1322 1056 1375; x_wconf 81' lang='lat' dir='ltr'>compreffionem</span> <span class='ocrx_word' id='word_1_210' title='bbox 1078 1326 1214 1374; x_wconf 77' lang='lat' dir='ltr'>patitur</span> <span class='ocrx_word' id='word_1_211' title='bbox 1230 1325 1365 1374; x_wconf 77' lang='lat' dir='ltr'>absque</span> <span class='ocrx_word' id='word_1_212' title='bbox 1380 1328 1559 1363; x_wconf 83' lang='lat' dir='ltr'>tumultu.</span> 
     </span>
    </p>

    <p class='ocr_par' dir='ltr' id='par_1_6' title="bbox 77 1378 1690 1479">
     <span class='ocr_line' id='line_1_22' title="bbox 133 1378 1690 1434; baseline -0.001 -13"><span class='ocrx_word' id='word_1_213' title='bbox 133 1393 196 1434; x_wconf 85' lang='lat'>34.</span> <span class='ocrx_word' id='word_1_214' title='bbox 229 1385 446 1421; x_wconf 70' lang='lat' dir='ltr'>SoNlrus</span> <span class='ocrx_word' id='word_1_215' title='bbox 470 1394 734 1432; x_wconf 80' lang='lat' dir='ltr'>campanarum</span> <span class='ocrx_word' id='word_1_216' title='bbox 755 1382 979 1419; x_wconf 85' lang='lat' dir='ltr'>existimatur</span> <span class='ocrx_word' id='word_1_217' title='bbox 1003 1382 1173 1418; x_wconf 87' lang='lat' dir='ltr'>tonitrua</span> <span class='ocrx_word' id='word_1_218' title='bbox 1195 1383 1232 1418; x_wconf 81' lang='lat'>&amp;</span> <span class='ocrx_word' id='word_1_219' title='bbox 1251 1381 1399 1431; x_wconf 78' lang='lat' dir='ltr'>fulgura</span> <span class='ocrx_word' id='word_1_220' title='bbox 1421 1378 1615 1431; x_wconf 81' lang='lat' dir='ltr'>dissiparc3</span> <span class='ocrx_word' id='word_1_221' title='bbox 1644 1383 1690 1419; x_wconf 86' lang='lat' dir='ltr'>de</span> 
     </span>
     <span class='ocr_line' id='line_1_23' title="bbox 77 1438 1199 1479; baseline -0.004 0"><span class='ocrx_word' id='word_1_222' title='bbox 77 1441 199 1479; x_wconf 88' lang='lat' dir='ltr'>ventis</span> <span class='ocrx_word' id='word_1_223' title='bbox 215 1451 296 1476; x_wconf 89' lang='lat' dir='ltr'>non</span> <span class='ocrx_word' id='word_1_224' title='bbox 312 1441 415 1477; x_wconf 89' lang='lat' dir='ltr'>venit</span> <span class='ocrx_word' id='word_1_225' title='bbox 433 1440 473 1475; x_wconf 88' lang='lat' dir='ltr'>in</span> <span class='ocrx_word' id='word_1_226' title='bbox 488 1438 803 1476; x_wconf 85' lang='lat' dir='ltr'>observationem.</span> <span class='ocrx_word' id='word_1_227' title='bbox 1196 1472 1199 1474; x_wconf 82' lang='grc'>.</span> 
     </span>
    </p>

    <p class='ocr_par' dir='ltr' id='par_1_7' title="bbox 75 1491 1691 1598">
     <span class='ocr_line' id='line_1_24' title="bbox 128 1491 1691 1542; baseline -0.002 -10"><span class='ocrx_word' id='word_1_228' title='bbox 128 1492 339 1532; x_wconf 67' lang='lat' dir='ltr'>Monitum.</span> <span class='ocrx_word' id='word_1_229' title='bbox 372 1495 572 1531; x_wconf 81' lang='lat' dir='ltr'>CONSUL</span> <span class='ocrx_word' id='word_1_230' title='bbox 583 1505 605 1530; x_wconf 85' lang='lat' dir='ltr'>E</span> <span class='ocrx_word' id='word_1_231' title='bbox 629 1494 757 1530; x_wconf 91' lang='lat' dir='ltr'>locum</span> <span class='ocrx_word' id='word_1_232' title='bbox 773 1493 820 1530; x_wconf 85' lang='lat' dir='ltr'>de</span> <span class='ocrx_word' id='word_1_233' title='bbox 834 1491 1081 1542; x_wconf 80' lang='lat' dir='ltr'>prognosticis</span> <span class='ocrx_word' id='word_1_234' title='bbox 1096 1501 1299 1530; x_wconf 80' lang='lat' dir='ltr'>ventorum</span> <span class='ocrx_word' id='word_1_235' title='bbox 1313 1506 1324 1533; x_wconf 76' lang='lat'>3</span> <span class='ocrx_word' id='word_1_236' title='bbox 1346 1492 1394 1529; x_wconf 85' lang='lat' dir='ltr'>est</span> <span class='ocrx_word' id='word_1_237' title='bbox 1407 1495 1511 1530; x_wconf 88' lang='lat' dir='ltr'>enim</span> <span class='ocrx_word' id='word_1_238' title='bbox 1527 1493 1691 1534; x_wconf 87' lang='lat' dir='ltr'>nonnul-</span> 
     </span>
     <span class='ocr_line' id='line_1_25' title="bbox 75 1546 805 1598; baseline -0.003 -11"><span class='ocrx_word' id='word_1_239' title='bbox 75 1549 112 1588; x_wconf 92' lang='lat' dir='ltr'>la</span> <span class='ocrx_word' id='word_1_240' title='bbox 126 1551 316 1587; x_wconf 83' lang='lat' dir='ltr'>connexio</span> <span class='ocrx_word' id='word_1_241' title='bbox 333 1550 525 1587; x_wconf 75' lang='lat' dir='ltr'>causarum</span> <span class='ocrx_word' id='word_1_242' title='bbox 547 1551 584 1586; x_wconf 71' lang='grc' dir='ltr'>ὅ(</span> <span class='ocrx_word' id='word_1_243' title='bbox 599 1546 805 1598; x_wconf 78' lang='lat' dir='ltr'>signorum.</span> 
     </span>
    </p>

    <p class='ocr_par' dir='ltr' id='par_1_8' title="bbox 76 1600 1688 1711">
     <span class='ocr_line' id='line_1_26' title="bbox 131 1600 1688 1655; baseline -0.001 -13"><span class='ocrx_word' id='word_1_244' title='bbox 131 1614 194 1655; x_wconf 83' lang='lat'>35.</span> <span class='ocrx_word' id='word_1_245' title='bbox 226 1607 266 1644; x_wconf 91' lang='lat' dir='ltr'>N</span> <span class='ocrx_word' id='word_1_246' title='bbox 275 1617 447 1654; x_wconf 6' lang='lat' dir='ltr'>ARRATR</span> <span class='ocrx_word' id='word_1_247' title='bbox 470 1606 613 1642; x_wconf 87' lang='lat' dir='ltr'>Plinius</span> <span class='ocrx_word' id='word_1_248' title='bbox 635 1604 795 1641; x_wconf 84' lang='lat' dir='ltr'>turbinis</span> <span class='ocrx_word' id='word_1_249' title='bbox 822 1603 1113 1650; x_wconf 83' lang='lat' dir='ltr'>vehementiam,</span> <span class='ocrx_word' id='word_1_250' title='bbox 1146 1600 1354 1653; x_wconf 80' lang='lat' dir='ltr'>aspersione</span> <span class='ocrx_word' id='word_1_251' title='bbox 1375 1604 1469 1640; x_wconf 82' lang='lat' dir='ltr'>aceti</span> <span class='ocrx_word' id='word_1_252' title='bbox 1494 1604 1535 1640; x_wconf 85' lang='lat' dir='ltr'>in</span> <span class='ocrx_word' id='word_1_253' title='bbox 1561 1615 1688 1640; x_wconf 88' lang='lat' dir='ltr'>occur-</span> 
     </span>
     <span class='ocr_line' id='line_1_27' title="bbox 76 1658 501 1711; baseline 0 -14"><span class='ocrx_word' id='word_1_254' title='bbox 76 1658 159 1698; x_wconf 89' lang='lat' dir='ltr'>sum</span> <span class='ocrx_word' id='word_1_255' title='bbox 180 1661 269 1709; x_wconf 83' lang='lat' dir='ltr'>ejus,</span> <span class='ocrx_word' id='word_1_256' title='bbox 300 1659 501 1711; x_wconf 80' lang='lat' dir='ltr'>compesci.</span> 
     </span>
    </p>
   </div>
   <div class='ocr_carea' id='block_1_3' title="bbox 252 1875 1516 1941">
    <p class='ocr_par' dir='ltr' id='par_1_9' title="bbox 252 1875 1516 1941">
     <span class='ocr_line' id='line_1_28' title="bbox 252 1875 1516 1941; baseline -0.003 0"><span class='ocrx_word' id='word_1_257' title='bbox 252 1876 773 1941; x_wconf 82' lang='lat' dir='ltr'>LIMITES</span> <span class='ocrx_word' id='word_1_258' title='bbox 832 1875 1516 1938; x_wconf 72' lang='lat' dir='ltr'><em>VENTURUM</em></span> 
     </span>
    </p>
   </div>
   <div class='ocr_carea' id='block_1_4' title="bbox 397 2102 1370 2162">
    <p class='ocr_par' dir='ltr' id='par_1_10' title="bbox 397 2102 1370 2162">
     <span class='ocr_line' id='line_1_29' title="bbox 397 2102 1370 2162; baseline -0.002 -11"><span class='ocrx_word' id='word_1_259' title='bbox 397 2103 476 2151; x_wconf 89' lang='lat' dir='ltr'>Ad</span> <span class='ocrx_word' id='word_1_260' title='bbox 502 2109 832 2151; x_wconf 83' lang='lat' dir='ltr'>ARTICULUM</span> <span class='ocrx_word' id='word_1_261' title='bbox 852 2105 975 2162; x_wconf 91' lang='lat' dir='ltr'>XVI,</span> <span class='ocrx_word' id='word_1_262' title='bbox 1012 2102 1160 2160; x_wconf 82' lang='lat' dir='ltr'><strong>XVII,</strong></span> <span class='ocrx_word' id='word_1_263' title='bbox 1199 2102 1370 2149; x_wconf 89' lang='lat' dir='ltr'>XVIII.</span> 
     </span>
    </p>
   </div>
   <div class='ocr_carea' id='block_1_5' title="bbox 76 2236 1693 3010">
    <p class='ocr_par' dir='ltr' id='par_1_11' title="bbox 76 2236 1693 3010">
     <span class='ocr_line' id='line_1_30' title="bbox 86 2236 1691 2287; baseline -0.002 -8"><span class='ocrx_word' id='word_1_264' title='bbox 86 2253 117 2279; x_wconf 85' lang='grc' dir='ltr'>Ι.</span> <span class='ocrx_word' id='word_1_265' title='bbox 264 2239 553 2281; x_wconf 82' lang='lat' dir='ltr'>RADITUR</span> <span class='ocrx_word' id='word_1_266' title='bbox 575 2239 621 2277; x_wconf 93' lang='lat' dir='ltr'>de</span> <span class='ocrx_word' id='word_1_267' title='bbox 637 2250 773 2278; x_wconf 89' lang='lat' dir='ltr'>monte</span> <span class='ocrx_word' id='word_1_268' title='bbox 789 2239 910 2287; x_wconf 88' lang='lat' dir='ltr'>Atho,</span> <span class='ocrx_word' id='word_1_269' title='bbox 938 2241 977 2276; x_wconf 73' lang='grc' dir='ltr'>ὅ(</span> <span class='ocrx_word' id='word_1_270' title='bbox 999 2237 1167 2276; x_wconf 83' lang='lat' dir='ltr'>fimiliter</span> <span class='ocrx_word' id='word_1_271' title='bbox 1182 2239 1229 2275; x_wconf 86' lang='lat' dir='ltr'>de</span> <span class='ocrx_word' id='word_1_272' title='bbox 1245 2239 1434 2286; x_wconf 80' lang='lat' dir='ltr'>Oly-rupo,</span> <span class='ocrx_word' id='word_1_273' title='bbox 1463 2236 1691 2277; x_wconf 68' lang='lat' dir='ltr'>consuevisse</span> 
     </span>
     <span class='ocr_line' id='line_1_31' title="bbox 284 2292 1689 2344; baseline -0.003 -10"><span class='ocrx_word' id='word_1_274' title='bbox 284 2296 526 2335; x_wconf 85' lang='lat' dir='ltr'>sacrificantes</span> <span class='ocrx_word' id='word_1_275' title='bbox 542 2297 582 2332; x_wconf 91' lang='lat' dir='ltr'>in</span> <span class='ocrx_word' id='word_1_276' title='bbox 602 2297 672 2332; x_wconf 82' lang='lat' dir='ltr'>aris</span> <span class='ocrx_word' id='word_1_277' title='bbox 693 2295 798 2344; x_wconf 89' lang='lat' dir='ltr'>super</span> <span class='ocrx_word' id='word_1_278' title='bbox 814 2294 953 2342; x_wconf 78' lang='lat' dir='ltr'>fastigia</span> <span class='ocrx_word' id='word_1_279' title='bbox 969 2293 1137 2342; x_wconf 88' lang='lat' dir='ltr'>ipsorum</span> <span class='ocrx_word' id='word_1_280' title='bbox 1158 2292 1331 2334; x_wconf 68' lang='lat' dir='ltr'>extruCtis</span> <span class='ocrx_word' id='word_1_281' title='bbox 1347 2293 1472 2331; x_wconf 85' lang='lat' dir='ltr'>literas</span> <span class='ocrx_word' id='word_1_282' title='bbox 1488 2305 1633 2332; x_wconf 83' lang='lat' dir='ltr'>exarare</span> <span class='ocrx_word' id='word_1_283' title='bbox 1649 2296 1689 2331; x_wconf 91' lang='lat' dir='ltr'>in</span> 
     </span>
     <span class='ocr_line' id='line_1_32' title="bbox 77 2346 1691 2399; baseline -0.002 -10"><span class='ocrx_word' id='word_1_284' title='bbox 77 2353 265 2390; x_wconf 87' lang='lat' dir='ltr'>cineribus</span> <span class='ocrx_word' id='word_1_285' title='bbox 287 2351 566 2397; x_wconf 80' lang='lat' dir='ltr'>sacrificiorum,</span> <span class='ocrx_word' id='word_1_286' title='bbox 605 2353 642 2388; x_wconf 74' lang='grc' dir='ltr'>ὃ(</span> <span class='ocrx_word' id='word_1_287' title='bbox 665 2350 787 2399; x_wconf 83' lang='lat' dir='ltr'>postea</span> <span class='ocrx_word' id='word_1_288' title='bbox 813 2348 1010 2386; x_wconf 87' lang='lat' dir='ltr'>redeuntes</span> <span class='ocrx_word' id='word_1_289' title='bbox 1040 2346 1164 2396; x_wconf 84' lang='lat' dir='ltr'>elapso</span> <span class='ocrx_word' id='word_1_290' title='bbox 1190 2358 1293 2384; x_wconf 84' lang='lat' dir='ltr'>anno</span> <span class='ocrx_word' id='word_1_291' title='bbox 1318 2346 1422 2393; x_wconf 84' lang='lat' dir='ltr'>(nam</span> <span class='ocrx_word' id='word_1_292' title='bbox 1444 2348 1691 2387; x_wconf 77' lang='lat' dir='ltr'>anniversaria</span> 
     </span>
     <span class='ocr_line' id='line_1_33' title="bbox 76 2401 1690 2455; baseline -0.003 -10"><span class='ocrx_word' id='word_1_293' title='bbox 76 2417 182 2445; x_wconf 84' lang='lat' dir='ltr'>crant</span> <span class='ocrx_word' id='word_1_294' title='bbox 206 2406 392 2455; x_wconf 84' lang='lat' dir='ltr'>sacrificia)</span> <span class='ocrx_word' id='word_1_295' title='bbox 432 2406 581 2444; x_wconf 84' lang='lat' dir='ltr'>easdem</span> <span class='ocrx_word' id='word_1_296' title='bbox 607 2406 731 2442; x_wconf 83' lang='lat' dir='ltr'>literas</span> <span class='ocrx_word' id='word_1_297' title='bbox 761 2403 932 2454; x_wconf 83' lang='lat' dir='ltr'>reperisse</span> <span class='ocrx_word' id='word_1_298' title='bbox 962 2404 1185 2451; x_wconf 81' lang='lat' dir='ltr'>neutiquam</span> <span class='ocrx_word' id='word_1_299' title='bbox 1210 2401 1376 2443; x_wconf 77' lang='lat' dir='ltr'>turba-tas</span> <span class='ocrx_word' id='word_1_300' title='bbox 1408 2413 1470 2441; x_wconf 88' lang='lat' dir='ltr'>aut</span> <span class='ocrx_word' id='word_1_301' title='bbox 1497 2403 1690 2444; x_wconf 52' lang='lat' dir='ltr'>confusas</span> 
     </span>
     <span class='ocr_line' id='line_1_34' title="bbox 77 2455 1692 2508; baseline -0.003 -8"><span class='ocrx_word' id='word_1_302' title='bbox 77 2460 228 2503; x_wconf 53' lang='lat' dir='ltr'>etiamst&gt;</span> <span class='ocrx_word' id='word_1_303' title='bbox 248 2475 330 2500; x_wconf 83' lang='lat' dir='ltr'>arae</span> <span class='ocrx_word' id='word_1_304' title='bbox 356 2463 442 2499; x_wconf 82' lang='lat' dir='ltr'>illae</span> <span class='ocrx_word' id='word_1_305' title='bbox 469 2474 552 2499; x_wconf 93' lang='lat' dir='ltr'>non</span> <span class='ocrx_word' id='word_1_306' title='bbox 575 2461 709 2498; x_wconf 85' lang='lat' dir='ltr'>starent</span> <span class='ocrx_word' id='word_1_307' title='bbox 734 2461 776 2497; x_wconf 90' lang='lat' dir='ltr'>in</span> <span class='ocrx_word' id='word_1_308' title='bbox 801 2459 948 2508; x_wconf 88' lang='lat' dir='ltr'>templo</span> <span class='ocrx_word' id='word_1_309' title='bbox 975 2458 1114 2505; x_wconf 83' lang='lat' dir='ltr'>aliquo,</span> <span class='ocrx_word' id='word_1_310' title='bbox 1153 2457 1213 2494; x_wconf 86' lang='lat' dir='ltr'>sed</span> <span class='ocrx_word' id='word_1_311' title='bbox 1239 2455 1306 2495; x_wconf 87' lang='lat' dir='ltr'>sub</span> <span class='ocrx_word' id='word_1_312' title='bbox 1333 2456 1410 2495; x_wconf 88' lang='lat' dir='ltr'>dio.</span> <span class='ocrx_word' id='word_1_313' title='bbox 1468 2458 1589 2498; x_wconf 85' lang='lat' dir='ltr'>Unde</span> <span class='ocrx_word' id='word_1_314' title='bbox 1612 2470 1692 2495; x_wconf 65' lang='lat' dir='ltr'>,ma-</span> 
     </span>
     <span class='ocr_line' id='line_1_35' title="bbox 76 2508 1693 2565; baseline -0.002 -10"><span class='ocrx_word' id='word_1_315' title='bbox 76 2516 253 2555; x_wconf 84' lang='lat' dir='ltr'>nifestum</span> <span class='ocrx_word' id='word_1_316' title='bbox 287 2527 364 2555; x_wconf 85' lang='lat' dir='ltr'>etat</span> <span class='ocrx_word' id='word_1_317' title='bbox 393 2519 435 2554; x_wconf 88' lang='lat' dir='ltr'>in</span> <span class='ocrx_word' id='word_1_318' title='bbox 462 2527 566 2555; x_wconf 87' lang='lat' dir='ltr'>tanta</span> <span class='ocrx_word' id='word_1_319' title='bbox 592 2515 805 2563; x_wconf 85' lang='lat' dir='ltr'>altitudine,</span> <span class='ocrx_word' id='word_1_320' title='bbox 849 2525 973 2561; x_wconf 83' lang='lat' dir='ltr'>neque</span> <span class='ocrx_word' id='word_1_321' title='bbox 1002 2511 1169 2550; x_wconf 78' lang='lat' dir='ltr'>cecidisse</span> <span class='ocrx_word' id='word_1_322' title='bbox 1201 2512 1365 2555; x_wconf 83' lang='lat' dir='ltr'>imbrem</span> <span class='ocrx_word' id='word_1_323' title='bbox 1395 2525 1520 2565; x_wconf 84' lang='lat' dir='ltr'>neque</span> <span class='ocrx_word' id='word_1_324' title='bbox 1546 2508 1693 2565; x_wconf 65' lang='lat' dir='ltr'>spirasti:</span> 
     </span>
     <span class='ocr_line' id='line_1_36' title="bbox 84 2568 265 2611; baseline 0 -1"><span class='ocrx_word' id='word_1_325' title='bbox 84 2568 265 2611; x_wconf 68' lang='lat' dir='ltr'>ventum.⁴</span> 
     </span>
     <span class='ocr_line' id='line_1_37' title="bbox 134 2622 1691 2676; baseline -0.003 -11"><span class='ocrx_word' id='word_1_326' title='bbox 134 2638 170 2665; x_wconf 92' lang='lat'>2.</span> <span class='ocrx_word' id='word_1_327' title='bbox 201 2630 479 2666; x_wconf 81' lang='lat' dir='ltr'>REFERUNT</span> <span class='ocrx_word' id='word_1_328' title='bbox 502 2628 543 2664; x_wconf 88' lang='lat' dir='ltr'>in</span> <span class='ocrx_word' id='word_1_329' title='bbox 558 2622 708 2676; x_wconf 75' lang='lat' dir='ltr'>fastigi-o</span> <span class='ocrx_word' id='word_1_330' title='bbox 722 2627 803 2664; x_wconf 85' lang='lat' dir='ltr'>Pici</span> <span class='ocrx_word' id='word_1_331' title='bbox 827 2625 872 2662; x_wconf 89' lang='lat' dir='ltr'>de</span> <span class='ocrx_word' id='word_1_332' title='bbox 889 2622 1094 2672; x_wconf 83' lang='lat' dir='ltr'>Tenari-ph,</span> <span class='ocrx_word' id='word_1_333' title='bbox 1124 2633 1235 2672; x_wconf 80' lang='lat' dir='ltr'>atque</span> <span class='ocrx_word' id='word_1_334' title='bbox 1251 2623 1366 2662; x_wconf 82' lang='lat' dir='ltr'>etia-m</span> <span class='ocrx_word' id='word_1_335' title='bbox 1380 2623 1422 2664; x_wconf 74' lang='lat' dir='ltr'>in</span> <span class='ocrx_word' id='word_1_336' title='bbox 1437 2622 1615 2666; x_wconf 83' lang='lat' dir='ltr'>Andibus</span> <span class='ocrx_word' id='word_1_337' title='bbox 1634 2625 1691 2661; x_wconf 90' lang='lat' dir='ltr'>in-</span> 
     </span>
     <span class='ocr_line' id='line_1_38' title="bbox 77 2679 1690 2730; baseline -0.004 -10"><span class='ocrx_word' id='word_1_338' title='bbox 77 2688 136 2725; x_wconf 79' lang='lat' dir='ltr'>ter</span> <span class='ocrx_word' id='word_1_339' title='bbox 151 2684 349 2722; x_wconf 87' lang='lat' dir='ltr'>Peruviam</span> <span class='ocrx_word' id='word_1_340' title='bbox 370 2685 408 2720; x_wconf 75' lang='grc' dir='ltr'>ὅ(</span> <span class='ocrx_word' id='word_1_341' title='bbox 424 2683 591 2730; x_wconf 78' lang='lat' dir='ltr'>Chssem,</span> <span class='ocrx_word' id='word_1_342' title='bbox 621 2683 725 2720; x_wconf 87' lang='lat' dir='ltr'>nives</span> <span class='ocrx_word' id='word_1_343' title='bbox 746 2680 932 2726; x_wconf 84' lang='lat' dir='ltr'>subjacere</span> <span class='ocrx_word' id='word_1_344' title='bbox 942 2690 1011 2728; x_wconf 91' lang='lat' dir='ltr'>.per</span> <span class='ocrx_word' id='word_1_345' title='bbox 1031 2679 1149 2716; x_wconf 88' lang='lat' dir='ltr'>clivos</span> <span class='ocrx_word' id='word_1_346' title='bbox 1167 2681 1204 2715; x_wconf 71' lang='grc' dir='ltr'>ὃ(</span> <span class='ocrx_word' id='word_1_347' title='bbox 1219 2679 1334 2719; x_wconf 79' lang='lat' dir='ltr'>latera</span> <span class='ocrx_word' id='word_1_348' title='bbox 1353 2680 1548 2720; x_wconf 85' lang='lat' dir='ltr'>montium</span> <span class='ocrx_word' id='word_1_349' title='bbox 1559 2693 1569 2719; x_wconf 72' lang='grc' dir='ltr'>ς</span> <span class='ocrx_word' id='word_1_350' title='bbox 1599 2688 1634 2715; x_wconf 87' lang='lat' dir='ltr'>at</span> <span class='ocrx_word' id='word_1_351' title='bbox 1647 2680 1690 2715; x_wconf 86' lang='lat' dir='ltr'>in</span> 
     </span>
     <span class='ocr_line' id='line_1_39' title="bbox 77 2733 1692 2787; baseline -0.003 -13"><span class='ocrx_word' id='word_1_352' title='bbox 77 2735 161 2787; x_wconf 82' lang='lat' dir='ltr'>ipsis</span> <span class='ocrx_word' id='word_1_353' title='bbox 176 2737 434 2776; x_wconf 87' lang='lat' dir='ltr'>cacuminibus</span> <span class='ocrx_word' id='word_1_354' title='bbox 449 2738 505 2775; x_wconf 92' lang='lat' dir='ltr'>nil</span> <span class='ocrx_word' id='word_1_355' title='bbox 527 2737 627 2774; x_wconf 84' lang='lat' dir='ltr'>aliud</span> <span class='ocrx_word' id='word_1_356' title='bbox 652 2736 721 2774; x_wconf 84' lang='lat' dir='ltr'>effe</span> <span class='ocrx_word' id='word_1_357' title='bbox 737 2747 849 2785; x_wconf 77' lang='lat' dir='ltr'>quam</span> <span class='ocrx_word' id='word_1_358' title='bbox 874 2735 998 2771; x_wconf 71' lang='lat' dir='ltr'>aerem</span> <span class='ocrx_word' id='word_1_359' title='bbox 1013 2735 1199 2783; x_wconf 89' lang='lat' dir='ltr'>quietum,</span> <span class='ocrx_word' id='word_1_360' title='bbox 1228 2735 1289 2772; x_wconf 84' lang='lat' dir='ltr'>vix</span> <span class='ocrx_word' id='word_1_361' title='bbox 1309 2733 1520 2783; x_wconf 84' lang='lat' dir='ltr'>spirabilem</span> <span class='ocrx_word' id='word_1_362' title='bbox 1535 2743 1692 2782; x_wconf 84' lang='lat' dir='ltr'>propter</span> 
     </span>
     <span class='ocr_line' id='line_1_40' title="bbox 79 2788 1690 2842; baseline -0.006 -9"><span class='ocrx_word' id='word_1_363' title='bbox 79 2795 325 2833; x_wconf 77' lang='lat' dir='ltr'>tenuitatem3</span> <span class='ocrx_word' id='word_1_364' title='bbox 355 2795 421 2842; x_wconf 91' lang='lat' dir='ltr'>qui</span> <span class='ocrx_word' id='word_1_365' title='bbox 435 2795 550 2831; x_wconf 86' lang='lat' dir='ltr'>etiam</span> <span class='ocrx_word' id='word_1_366' title='bbox 565 2793 774 2829; x_wconf 85' lang='lat' dir='ltr'>acrimonia</span> <span class='ocrx_word' id='word_1_367' title='bbox 798 2788 970 2839; x_wconf 84' lang='lat' dir='ltr'>quadam,</span> <span class='ocrx_word' id='word_1_368' title='bbox 1000 2793 1037 2828; x_wconf 87' lang='lat'>&amp;</span> <span class='ocrx_word' id='word_1_369' title='bbox 1051 2801 1094 2826; x_wconf 87' lang='lat' dir='ltr'>os</span> <span class='ocrx_word' id='word_1_370' title='bbox 1113 2789 1306 2837; x_wconf 84' lang='lat' dir='ltr'>stom-achi,</span> <span class='ocrx_word' id='word_1_371' title='bbox 1336 2792 1373 2826; x_wconf 67' lang='lat' dir='ltr'>&amp;c</span> <span class='ocrx_word' id='word_1_372' title='bbox 1388 2790 1522 2828; x_wconf 89' lang='lat' dir='ltr'>oeulos</span> <span class='ocrx_word' id='word_1_373' title='bbox 1535 2797 1690 2838; x_wconf 78' lang='lat' dir='ltr'>pungat,</span> 
     </span>
     <span class='ocr_line' id='line_1_41' title="bbox 81 2841 1180 2894; baseline -0.003 -11"><span class='ocrx_word' id='word_1_374' title='bbox 81 2841 300 2886; x_wconf 76' lang='lat' dir='ltr'>inducendo</span> <span class='ocrx_word' id='word_1_375' title='bbox 316 2849 372 2885; x_wconf 91' lang='lat' dir='ltr'>illi</span> <span class='ocrx_word' id='word_1_376' title='bbox 387 2848 575 2894; x_wconf 87' lang='lat' dir='ltr'>nauseam,</span> <span class='ocrx_word' id='word_1_377' title='bbox 604 2846 661 2883; x_wconf 91' lang='lat' dir='ltr'>his</span> <span class='ocrx_word' id='word_1_378' title='bbox 678 2844 921 2885; x_wconf 80' lang='lat' dir='ltr'>suffufionem</span> <span class='ocrx_word' id='word_1_379' title='bbox 935 2847 973 2887; x_wconf 73' lang='grc' dir='ltr'>ὅ(</span> <span class='ocrx_word' id='word_1_380' title='bbox 988 2845 1180 2884; x_wconf 88' lang='lat' dir='ltr'>ruborem.</span> 
     </span>
     <span class='ocr_line' id='line_1_42' title="bbox 137 2898 1692 2957; baseline -0.005 -17"><span class='ocrx_word' id='word_1_381' title='bbox 137 2913 173 2953; x_wconf 88' lang='lat'>3.</span> <span class='ocrx_word' id='word_1_382' title='bbox 203 2904 370 2945; x_wconf 67' lang='lat' dir='ltr'>VENU</span> <span class='ocrx_word' id='word_1_383' title='bbox 393 2904 579 2957; x_wconf 82' lang='lat' dir='ltr'>vaporarii</span> <span class='ocrx_word' id='word_1_384' title='bbox 594 2914 677 2939; x_wconf 86' lang='lat' dir='ltr'>non</span> <span class='ocrx_word' id='word_1_385' title='bbox 698 2902 874 2940; x_wconf 88' lang='lat' dir='ltr'>videntur</span> <span class='ocrx_word' id='word_1_386' title='bbox 889 2901 930 2939; x_wconf 82' lang='lat' dir='ltr'>in</span> <span class='ocrx_word' id='word_1_387' title='bbox 944 2901 1068 2949; x_wconf 75' lang='lat' dir='ltr'>aliqua</span> <span class='ocrx_word' id='word_1_388' title='bbox 1091 2900 1237 2946; x_wconf 84' lang='lat' dir='ltr'>majore</span> <span class='ocrx_word' id='word_1_389' title='bbox 1248 2899 1450 2942; x_wconf 79' lang='lat' dir='ltr'>altitudine</span> <span class='ocrx_word' id='word_1_390' title='bbox 1463 2898 1574 2939; x_wconf 79' lang='lat' dir='ltr'>flare3</span> <span class='ocrx_word' id='word_1_391' title='bbox 1604 2908 1692 2935; x_wconf 91' lang='lat' dir='ltr'>cum</span> 
     </span>
     <span class='ocr_line' id='line_1_43' title="bbox 82 2953 1690 3010; baseline -0.004 -16"><span class='ocrx_word' id='word_1_392' title='bbox 82 2957 211 2995; x_wconf 79' lang='lat' dir='ltr'>&#39;tamen</span> <span class='ocrx_word' id='word_1_393' title='bbox 226 2957 421 3010; x_wconf 73' lang='lat' dir='ltr'>probabile</span> <span class='ocrx_word' id='word_1_394' title='bbox 436 2958 491 3007; x_wconf 83' lang='lat' dir='ltr'>fit,</span> <span class='ocrx_word' id='word_1_395' title='bbox 521 2959 667 3007; x_wconf 74' lang='lat' dir='ltr'>aliquos</span> <span class='ocrx_word' id='word_1_396' title='bbox 681 2957 852 3006; x_wconf 88' lang='lat' dir='ltr'>ipsorum</span> <span class='ocrx_word' id='word_1_397' title='bbox 872 2955 980 2996; x_wconf 84' lang='lat' dir='ltr'>altius</span> <span class='ocrx_word' id='word_1_398' title='bbox 995 2955 1195 2994; x_wconf 75' lang='lat' dir='ltr'>ascendere</span> <span class='ocrx_word' id='word_1_399' title='bbox 1217 2967 1332 3005; x_wconf 85' lang='lat' dir='ltr'>quam</span> <span class='ocrx_word' id='word_1_400' title='bbox 1346 2955 1545 3005; x_wconf 85' lang='lat' dir='ltr'>pleraeque</span> <span class='ocrx_word' id='word_1_401' title='bbox 1559 2953 1690 2991; x_wconf 83' lang='lat' dir='ltr'>nubes.</span> 
     </span>
    </p>
   </div>
   <div class='ocr_carea' id='block_1_6' title="bbox 83 3010 1691 3113">
    <p class='ocr_par' dir='ltr' id='par_1_12' title="bbox 83 3010 1691 3113">
     <span class='ocr_line' id='line_1_44' title="bbox 83 3010 1534 3100; baseline -0.001 -51"><span class='ocrx_word' id='word_1_402' title='bbox 83 3011 143 3049; x_wconf 91' lang='lat' dir='ltr'>De</span> <span class='ocrx_word' id='word_1_403' title='bbox 158 3013 356 3053; x_wconf 86' lang='lat' dir='ltr'>altitudine</span> <span class='ocrx_word' id='word_1_404' title='bbox 370 3013 558 3062; x_wconf 56' lang='lat' dir='ltr'>limeum,</span> <span class='ocrx_word' id='word_1_405' title='bbox 587 3013 633 3051; x_wconf 90' lang='lat' dir='ltr'>de</span> <span class='ocrx_word' id='word_1_406' title='bbox 648 3013 850 3052; x_wconf 83' lang='lat' dir='ltr'>latitudine</span> <span class='ocrx_word' id='word_1_407' title='bbox 864 3010 1082 3051; x_wconf 80' lang='lat' dir='ltr'>videndum.</span> <span class='ocrx_word' id='word_1_408' title='bbox 1501 3062 1534 3100; x_wconf 78' lang='lat' dir='ltr'>C</span> 
     </span>
     <span class='ocr_line' id='line_1_45' title="bbox 1442 3068 1691 3113; baseline -0.016 -15"><span class='ocrx_word' id='word_1_409' title='bbox 1442 3073 1481 3113; x_wconf 87' lang='lat'>4.</span> <span class='ocrx_word' id='word_1_410' title='bbox 1540 3068 1691 3098; x_wconf 79' lang='lat' dir='ltr'>ERTUM</span> 
     </span>
    </p>
   </div>
   <div class='ocr_carea' id='block_1_7' title="bbox 1764 196 1828 241">
    <p class='ocr_par' dir='ltr' id='par_1_13' title="bbox 1764 196 1828 241">
     <span class='ocr_line' id='line_1_46' title="bbox 1764 196 1828 241; baseline 0.031 -2"><span class='ocrx_word' id='word_1_411' title='bbox 1764 196 1828 241; x_wconf 85' lang='lat'>47</span> 
     </span>
    </p>
   </div>
  </div>
 </body>
</html>
