1973 3570
618 170 1035 220 HISTORIA
1087 163 1604 214 VENTORUM.

370 273 618 316 Mandatum.
649 276 788 325 QUOD
811 272 913 308 briza
937 271 999 307 illa
1022 269 1119 305 inter
1143 267 1310 315 tropicos
1334 264 1543 302 luculenter
1568 263 1689 312 spiret,
1719 274 1776 299 res
1798 275 1908 311 certa,

315 333 424 372 causa
447 332 629 374 ambigua.
686 324 803 365 Poffit
827 337 868 362 ea
889 324 970 371 effe,
1006 324 1092 372 quia
1113 324 1185 367 aer,
1223 331 1329 357 more
1353 321 1462 365 coeli,
1496 329 1691 357 movetur3
1727 318 1787 355 sed
1813 330 1913 357 extra

322 389 489 438 tropicos
531 372 627 434 qbuafi
650 379 1007 431 imperceptibiliter,
1036 386 1187 427 propter
1210 374 1369 431 circulos
1389 375 1576 429 minores3
1606 374 1703 409 intra
1718 374 1913 411 manifesto

322 454 474 494 propter
491 418 649 478 {ire-ulos
680 436 837 482 majores
858 446 952 482 quos
975 431 1138 469 conficit.
1194 426 1312 466 Possit
1334 430 1404 465 alia
1419 427 1500 473 css'e,
1530 429 1615 476 quia
1639 429 1740 464 calor
1756 439 1913 465 omnem

324 499 446 534 aerem
469 497 609 540 dilatat,
644 503 711 529 nec
737 491 769 527 se
793 490 918 539 priore
941 489 1031 524 loco
1053 485 1240 522 contineri
1263 484 1411 533 patitur.
1466 483 1519 519 Ex
1543 483 1766 519 dilatatione
1789 493 1913 520 autem

325 554 416 589 a'e'tis
439 549 638 588 necess‘ario
660 546 700 583 fit
727 541 900 594 impulsio
923 544 1013 579 a'eris
1037 540 1220 589 contigui,
1255 549 1349 586 quae
1373 538 1515 574 brizam
1538 537 1640 573 istam
1664 538 1780 586 pariat
1803 548 1916 588 prout

325 606 561 656 prowreditur
583 603 648 640 sol.
709 600 779 637 Sed
803 599 865 635 illa
880 599 978 634 intra
1000 597 1178 643 tropicos,
1207 594 1269 630 ubi
1292 592 1346 628 sol
1372 591 1419 628 est
1433 591 1636 645 ardentior,
1665 590 1844 639 infignior
1863 591 1916 630 est

327 637 427 698 extrca
468 659 544 696 fere
567 659 666 695 latet.
722 654 882 691 Videtur
906 649 974 688 ell‘e
990 650 1159 687 instantia
1182 648 1313 693 crucis,
1342 647 1387 683 ad
1411 646 1695 694 ambiguitatem
1720 646 1823 705 istam
1845 648 1917 684 tol-

328 692 490 760 lenda'm,
520 711 543 749 fi
568 713 787 760 inquiratur,
817 718 942 744 utrum
968 706 1069 742 briza
1087 704 1202 740 noftu
1216 702 1292 748 flet,
1323 713 1369 737 an
1390 703 1492 738 non?
1520 702 1681 738 Rotatio
1706 713 1809 737 enim
1825 705 1919 740 aeris

328 771 441 807 ctiam
458 769 573 805 no'Ctu
589 775 731 809 manet,
760 773 795 799 at
817 763 916 799 calor
929 761 1016 798 solis
1030 771 1109 795 non
1126 760 1230 796 item.

383 826 418 860 6.
449 823 519 858 AT
535 832 679 858 certum
694 819 741 855 cst
757 818 859 853 illam
884 816 997 852 noc‘iu
1012 825 1093 850 non
1114 813 1212 857 flare,
1243 810 1304 847 sed
1324 821 1434 847 mane
1450 821 1511 847 aut
1536 812 1648 847 etiam
1658 823 1797 863 aurora
1820 811 1918 850 adul-

327 889 374 916 ta.
431 877 703 919 Nihilominus,
723 883 803 908 non
816 870 1039 906 determinat
1053 867 1117 903 illa
1132 866 1301 902 instantia
1317 865 1580 913 quaestionem.
1639 867 1741 902 Nam
1756 867 1920 904 conden—

328 933 420 970 satio
434 934 525 968 a'eris
540 930 732 972 nociturna,
762 922 975 974 praesertim
995 924 1035 958 in
1051 923 1125 958 illis
1145 921 1363 970 regionibus
1379 921 1441 957 ubi
1458 932 1532 978 nm}
1558 923 1594 958 ὃ(
1608 921 1686 958 dics
1704 932 1785 957 non
1801 924 1920 971 magis

325 999 428 1037 pares
444 985 525 1021 sunt
541 983 673 1033 spatiis,
703 990 816 1028 quam
831 978 1046 1015 differentes
1066 976 1189 1012 calore
1204 977 1241 1012 &
1255 974 1409 1023 frigore,
1438 972 1551 1024 polilt
1567 985 1718 1012 motum
1735 976 1844 1013 illum
1859 989 1921 1013 na·

326 1040 486 1080 turalem
500 1040 592 1075 a'eris
609 1037 687 1084 (qui
703 1036 796 1072 lenis
811 1032 875 1081 est)
891 1032 1064 1068 hebetare
1084 1033 1120 1067 ὃς
1135 1029 1380 1067 confundere.
1812 1046 1827 1074 3

383 1104 417 1142 7.
445 1095 467 1131 S
478 1105 492 1129 1
509 1095 568 1129 a'er
583 1091 776 1141 participet
792 1099 834 1124 ex
850 1098 960 1124 motu
983 1085 1092 1131 coeli,
1122 1084 1286 1133 sequitur
1300 1096 1381 1121 non
1395 1094 1555 1130 tantum,
1584 1085 1688 1133 quod
1703 1097 1812 1123 eurus
1833 1098 1921 1123 curn

327 1156 439 1187 motu
461 1149 552 1184 aeris
567 1153 777 1191 concurrat,
806 1142 987 1193 zephyrus
1009 1150 1222 1179 concertets
1251 1150 1380 1175 verum
1404 1140 1530 1185 etiam,
1560 1140 1664 1187 quod
1690 1140 1820 1178 boreas
1843 1152 1922 1178 tan-

327 1214 442 1251 quam
465 1202 510 1238 ab
535 1202 612 1237 alto
637 1199 757 1248 spiret,
793 1195 907 1235 auster
929 1201 1108 1244 tanquam
1131 1195 1176 1230 ab
1199 1194 1293 1240 imo,
1322 1195 1362 1230 in
1385 1193 1659 1243 hemisphaerio
1681 1195 1820 1242 nostro,
1857 1197 1922 1233 ubi

328 1259 438 1307 polus
465 1256 682 1292 antarCticus
706 1252 771 1290 sub
798 1262 896 1289 terra
919 1251 978 1298 est,
1016 1250 1169 1286 arfflcus
1193 1249 1375 1288 elevatum
1413 1249 1525 1297 idque
1554 1250 1667 1286 etiam
1691 1250 1737 1287 ab
1759 1252 1924 1298 antiquis

330 1322 505 1350 notatum
528 1310 588 1356 est,
617 1308 678 1345 sed
700 1306 905 1344 titubanter
919 1307 957 1343 ὅ(
980 1303 1157 1343 obscure3
1194 1304 1340 1351 optime
1364 1313 1488 1340 autem
1512 1305 1691 1341 convenit
1712 1316 1799 1341 cum
1820 1317 1923 1354 expe-

331 1368 464 1403 rientia
487 1365 680 1409 moderna,
709 1363 796 1410 quia
817 1362 919 1398 briza
938 1359 1047 1410 (quae
1068 1354 1184 1409 possit
1203 1357 1272 1395 css'e
1296 1360 1543 1412 motusaeris)
1564 1370 1646 1396 non
1669 1359 1719 1396 est
1737 1371 1846 1397 eurus
1869 1361 1926 1397 in-

330 1411 447 1469 teger,
478 1419 538 1458 sed
553 1418 787 1467 euroaquilo.

729 1598 868 1655 VE
897 1592 1114 1655 NTJ
1186 1589 1535 1654 STATJ.

836 1772 912 1821 Ad
946 1778 1062 1821 ART
1080 1786 1294 1821 ICULUM
1333 1773 1415 1820 III.

881 1900 1371 1939 CONNEXIO.

464 2012 498 2047 T
523 2012 561 2048 in
589 2008 828 2059 inquisitione
858 2011 905 2048 de
927 2011 1047 2048 ventis
1076 2010 1312 2060 generalibus
1340 2009 1516 2046 homines
1541 2008 1810 2047 scototomiam
1837 2009 1928 2060 paffi

483 2064 578 2112 sunt,
608 2067 658 2102 ita
677 2066 716 2101 in
737 2066 800 2102 illa
819 2066 865 2102 de
885 2067 1004 2103 ventis
1025 2062 1123 2103 statis
1138 2065 1383 2113 vertiginem:
1414 2064 1473 2100 De
1489 2065 1551 2100 illa
1566 2062 1684 2112 silent,
1712 2065 1841 2102 dehac
1857 2066 1922 2104 sur1

335 2119 418 2157 sum
434 2119 653 2157 &deorsum
671 2119 859 2164 sermones
868 2117 1009 2157 faciunt
1025 2120 1252 2157 inconditos
1300 2117 1660 2168 Ignoscendumhoc
1675 2121 1805 2168 magis,
1826 2133 1931 2168 quoe.

337 2176 433 2211 varia
450 2186 505 2210 res
521 2174 587 2214 ests
617 2176 702 2223 quia
721 2175 798 2212 stati
814 2176 916 2212 venti
932 2186 1018 2212 cum
1042 2176 1135 2212 locis
1149 2183 1423 2223 permutantur,
1451 2183 1492 2210 ut
1508 2185 1588 2210 non
1604 2174 1721 2211 iidem
1745 2177 1785 2212 in
1806 2174 1929 2226 Aegy*

338 2239 419 2278 pto,
449 2229 613 2273 Graecia,
644 2230 747 2265 Italia
768 2228 917 2278 spirent.

397 2293 428 2318 1.
450 2283 559 2318 Esse
583 2283 716 2320 alicubi
746 2279 856 2319 statos
878 2293 1023 2329 ventos,
1060 2285 1173 2320 etiam
1199 2294 1343 2321 nomen
1368 2281 1585 2332 impositum
1608 2283 1789 2325 declarat3
1827 2295 1870 2322 ut
1893 2288 1931 2324 ὃ(

340 2347 484 2374 nomen
499 2337 655 2372 alterum
676 2334 878 2383 etesiarum,
907 2338 1012 2386 quod
1025 2337 1292 2375 anniversarios
1307 2337 1425 2374 sonat.

397 2400 430 2426 2.
460 2389 597 2426 APUD
624 2391 796 2437 antiquos
819 2392 914 2427 inter
940 2391 1061 2428 causas
1083 2392 1343 2429 inundationis
1367 2392 1451 2429 Nili
1475 2390 1628 2441 ascripta
1652 2393 1712 2439 est,
1749 2395 1854 2442 quod
1881 2406 1931 2432 eo

341 2445 430 2481 anni
451 2453 621 2492 tempore
644 2445 746 2481 venti
769 2442 895 2481 etesiae
920 2445 1127 2494 (aquilones
1151 2444 1302 2494 scilicet)
1328 2446 1473 2493 flarent,
1504 2449 1568 2495 qui
1592 2448 1741 2485 cursum
1762 2448 1867 2487 fluvii
1891 2450 1933 2486 in

344 2509 445 2534 mare
461 2497 677 2535 inhibebant
693 2500 729 2535 ὅ(
744 2494 947 2535 retrorsum
961 2501 1176 2538 volvebant.

399 2561 433 2601 3.
463 2553 820 2589 INVENHJNTUR
845 2554 886 2589 in
909 2556 1002 2590 mari
1025 2565 1226 2601 currenteS,
1263 2557 1327 2603 qui
1352 2568 1422 2593 nec
1450 2557 1609 2594 naturali
1632 2558 1756 2595 motui
1782 2559 1932 2604 oceani,

341 2618 412 2642 nec
433 2605 599 2642 decursui
620 2619 664 2643 cx
682 2608 773 2643 locis
796 2608 913 2655 magis
934 2608 1095 2655 elevatis,
1124 2621 1193 2647 nee
1217 2609 1389 2658 angustiis
1408 2623 1451 2648 ex
1476 2612 1649 2648 litoribus
1673 2610 1839 2659 adversis,
1870 2623 1931 2650 aut

342 2662 614 2709 promontoriis
643 2661 920 2698 excurrentibus
948 2664 1098 2701 attribui
1127 2659 1288 2715 possint3
1329 2663 1391 2702 sed
1420 2666 1528 2714 plane
1555 2676 1736 2715 reguntur
1765 2679 1785 2704 a
1812 2669 1934 2705 ventis

342 2714 449 2751 statis.

397 2779 435 2816 4.
455 2768 755 2814 COLUMBUM,
792 2770 855 2818 qui
880 2770 1017 2808 nolunt
1041 2783 1064 2813 a
1080 2773 1263 2810 relatione
1285 2775 1450 2810 naucleri
1475 2774 1641 2824 Hispani,
1670 2779 1707 2814 ὃ(
1729 2777 1847 2813 levius
1869 2787 1936 2826 pu-

345 2832 437 2867 tant,
465 2824 509 2859 ab
533 2823 696 2860 obscuris
720 2826 948 2872 antiquitatis
970 2825 1126 2874 vestigiis
1150 2829 1186 2863 ὅ(
1209 2829 1317 2873 auris,
1348 2838 1425 2866 tam
1451 2839 1592 2866 certam
1616 2833 1654 2867 ὅ(
1673 2829 1783 2867 fixam
1806 2831 1935 2869 cle'In-

345 2876 415 2911 diis
435 2878 726 2915 occidentalibus
750 2880 975 2927 opinionem
997 2875 1214 2930 concepifl'e,
1250 2881 1324 2919 huc
1345 2882 1380 2919 se
1403 2892 1642 2931 convertunt,
1672 2884 1777 2932 quod
1800 2896 1820 2921 a
1837 2885 1935 2923 statis

346 2932 466 2966 ventis
488 2932 532 2967 ad
548 2932 657 2968 litora
681 2929 896 2979 Lusitaniae,
926 2934 1140 2982 conjecerit,
1168 2935 1434 2974 continentem
1459 2938 1527 2975 css'e
1542 2949 1563 2975 a
1586 2949 1688 2988 parte
1707 2939 1934 2977 occidentis:

343 2984 421 3022 Res
449 2985 560 3023 dubia
588 2997 656 3023 nec
683 2986 889 3025 admodum
913 2988 1132 3038 probabilis,
1170 3001 1259 3032 cum
1285 3002 1488 3030 ventorum
1518 2993 1753 3031 itinerarium
1782 2994 1827 3030 ad
1855 3005 1934 3031 tam

1798 3049 1937 3098 ‚longos
