1973 3570
141 187 235 251 238
377 182 480 231 DE
532 179 807 229 FLUXU
860 175 964 226 ET
1017 177 1413 224 REFLUXU
1470 179 1745 226 MARIS.

275 281 381 330 quod
405 282 579 328 diximus,
609 290 780 316 naturam
799 277 981 314 consensu
1003 277 1175 327 gaudere,
1204 288 1275 314 nec
1297 276 1373 314 fere
1399 277 1539 325 aliquid
1556 279 1800 318 monadicum
1821 286 1883 321 aus

275 337 483 375 solitarium
513 333 722 373 admittere.
778 335 905 381 Itaque
934 333 1140 370 videndum
1169 331 1216 368 de
1244 341 1357 368 motu
1385 331 1501 369 fluxus
1525 335 1561 369 ὅ(
1590 334 1749 372 refluxus
1772 337 1885 375 maris

280 391 507 438 sexhorario,
537 401 627 433 eum
653 389 786 437 quibus
801 389 882 424 aliis
897 389 1064 424 motibus
1087 387 1149 424 ille
1170 388 1374 423 convenire
1401 397 1462 423 aut
1492 387 1705 426 consentire
1733 393 1887 440 reperia-

278 458 351 485 tur.
408 447 541 494 Atque
561 443 831 492 inquirendum
860 445 987 494 primo
1011 443 1058 479 de
1078 443 1177 487 luna,
1207 441 1409 489 quomodo
1438 442 1498 478 iste
1527 453 1653 479 motus
1680 456 1768 482 cum
1796 447 1885 484 luna

280 503 445 539 rationes
460 511 521 538 aut
538 509 709 537 naturam
733 497 895 535 misceat.
950 497 991 534 ld
1014 509 1105 534 vero
1129 496 1208 533 fieri
1233 498 1398 533 omnino
1418 508 1498 533 non
1522 497 1704 545 videmus,
1730 511 1887 548 praeter-

283 568 396 606 quam
414 559 454 593 in
469 556 702 592 restitutione
718 552 927 590 menstrua:
956 553 1066 589 nullo
1096 552 1216 588 modo
1246 552 1349 588 enim
1371 552 1546 600 congruit
1565 555 1795 593 curriculum
1815 556 1886 592 sex-

279 612 473 649 horarium
499 610 551 657 (id
571 609 674 658 quod
705 619 807 645 nunc
829 608 1041 656 inquiritur)
1065 618 1153 644 cum
1172 606 1361 643 curriculo
1388 604 1600 647 mcnstrum
1628 620 1750 656 neque
1767 610 1887 648 rursus

281 667 399 704 fluxus
421 667 532 701 maris
555 660 741 716 pafl'mnes
763 664 873 700 lunae
898 661 1135 710 quascunque
1160 661 1260 709 sequi
1277 661 1618 709 deprehenduntnr.
1677 664 1762 700 Sive
1782 667 1888 702 enim

282 722 372 759 luna
400 718 442 758 sit
462 720 565 757 audla
589 720 747 763 lumine,
776 715 847 755 sive
876 717 1076 763 diminuta,
1106 714 1176 755 five
1200 717 1264 752 illa
1296 714 1338 752 sit
1369 714 1434 753 sub
1462 726 1570 760 terra,
1600 714 1671 753 sive
1692 716 1798 767 super
1817 730 1889 757 ter-

282 787 377 823 ram,
406 773 476 813 sive
505 775 567 811 illa
596 773 763 811 elevetur
790 771 894 820 super
919 770 1162 807 horizontem
1192 771 1298 807 altius
1322 781 1382 806 aut
1406 768 1619 821 depressins‚
1647 770 1719 810 sive
1737 775 1802 811 illa
1821 786 1888 823 po-

284 840 395 868 natur
416 831 456 866 in
483 827 705 874 meridiano,
734 836 796 863 aut
821 826 922 872 alibi,
952 827 992 862 in
1020 826 1124 862 nulla
1150 825 1300 875 prorsus
1328 825 1462 862 harum
1496 826 1738 865 consentiunt
1764 828 1885 867 fluxus

285 895 398 933 atque
419 883 588 921 refluxus.

336 940 524 989 ITAQUE
553 936 656 973 missa
675 937 765 973 luna
784 935 831 972 de
859 936 939 972 aliis
959 932 1196 972 consensibus
1211 935 1453 983 inquiramus,
1509 936 1639 984 Atque
1653 949 1697 974 ex
1711 939 1890 977 omnibus

282 993 452 1033 motibus
471 992 690 1030 coelestibus
709 991 862 1036 constat,
891 1000 1043 1027 motum
1073 991 1252 1027 diurnum
1283 989 1443 1027 maxime
1470 1002 1617 1028 curtum
1646 991 1729 1038 effe,
1757 996 1794 1031 ὅ(
1818 997 1889 1032 mi-

282 1050 395 1087 nimo
415 1048 598 1099 temporis
618 1047 818 1085 intervallo
844 1045 978 1098 (spatio
1000 1046 1174 1083 videlicet
1194 1046 1327 1094 viginti
1356 1055 1514 1092 quatuor
1529 1047 1722 1095 horarum)
1738 1048 1887 1087 confici.

282 1104 413 1152 Itaque
441 1101 737 1140 consentaneum
767 1099 828 1146 est,
856 1110 1006 1138 motum
1028 1099 1148 1147 istum,
1177 1101 1223 1137 de
1247 1112 1327 1148 quo
1346 1102 1571 1148 inquirimus
1588 1102 1665 1150 (qui
1681 1102 1801 1141 adhuc
1825 1106 1890 1142 tri-

282 1150 353 1196 hus
373 1158 538 1207 partibus
566 1157 707 1195 diurno
729 1156 878 1193 brevior
897 1156 958 1203 est)
990 1157 1162 1207 proxime
1175 1155 1220 1192 ad
1236 1168 1323 1192 eum
1340 1166 1492 1192 motum
1508 1156 1650 1204 referri,
1678 1159 1744 1206 qui
1773 1157 1824 1197 est
1845 1172 1889 1197 ex

283 1212 503 1250 coelestibus
530 1207 790 1253 brevissimus;
820 1210 882 1248 sed
901 1210 976 1248 hoc
996 1222 1077 1247 rem
1101 1212 1227 1248 minus
1242 1212 1392 1260 premit.
1449 1211 1547 1248 Illud
1570 1225 1660 1249 vero
1678 1214 1795 1263 longe
1815 1226 1889 1252 ma*-

283 1256 339 1311 gis
367 1280 438 1305 nos
466 1276 609 1314 movet,
638 1266 743 1315 quod
769 1265 819 1303 ita
842 1264 884 1303 sit
907 1266 970 1302 iste
995 1275 1122 1303 motus
1152 1266 1376 1315 dispertitus,
1405 1275 1446 1302 ut
1467 1266 1512 1302 ad
1533 1266 1656 1303 dim-ni
1679 1278 1808 1306 motus
1835 1282 1890 1307 ra-

283 1309 411 1361 {iones
433 1322 666 1374 respondeat,
694 1331 735 1359 ut
756 1319 841 1358 licet
861 1330 989 1358 motus
1012 1332 1192 1368 aquarum
1220 1318 1260 1357 sit
1276 1330 1386 1357 motu
1411 1320 1551 1358 diurno
1566 1320 1664 1370 quasi
1680 1324 1891 1362 innumeris

282 1378 450 1428 partibus
468 1377 624 1424 tardior,
652 1387 781 1415 tamen
795 1374 837 1413 sit
851 1373 1212 1413 commensurabilis.
1268 1375 1421 1410 Etenim
1451 1374 1608 1424 spatium
1636 1376 1890 1417 sexhorarium

284 1432 334 1470 est
362 1432 488 1471 diurni
521 1442 650 1470 motus
684 1431 880 1480 quadrans,
908 1430 1013 1478 quod
1036 1429 1194 1482 spatium
1213 1428 1267 1476 (ut
1282 1428 1456 1476 diximus)
1481 1431 1520 1466 in
1550 1441 1660 1468 motu
1683 1432 1751 1470 isto
1779 1437 1892 1472 maris

283 1485 474 1526 invenitur
503 1499 592 1524 cum
619 1498 662 1524 ea
689 1485 913 1531 differentia,
949 1496 1042 1532 quae
1070 1485 1260 1522 coincidat
1288 1485 1330 1521 in
1363 1484 1575 1522 mensuram
1610 1497 1737 1524 motus
1763 1488 1891 1527 lunam

284 1543 415 1591 Itaque
437 1541 513 1578 hoe
540 1541 651 1579 nobis
679 1541 827 1590 penitus
855 1539 1004 1587 insedit,
1032 1551 1073 1576 ac
1101 1538 1180 1577 fere
1207 1538 1316 1577 instar
1344 1538 1485 1577 oraculi
1513 1539 1572 1587 est,
1603 1548 1755 1580 motum'
1781 1543 1892 1582 istum

280 1609 331 1634 ex
354 1596 491 1634 eodem
519 1608 658 1646 genere
676 1596 747 1633 ess'e
765 1607 852 1632 curn
872 1605 984 1632 motu
1003 1594 1153 1633 diurno.
1210 1596 1294 1632 Hoc
1314 1594 1427 1644 igitur
1453 1592 1504 1632 usi
1534 1595 1786 1635 fundamento
1809 1611 1891 1650 per-

285 1663 419 1702 gemus
446 1653 637 1700 inquirere
671 1651 835 1699 reliqua;
871 1660 983 1698 atque
1011 1662 1093 1687 rem
1122 1661 1281 1687 omnem
1312 1651 1453 1701 triplici
1486 1648 1728 1699 inquisitione
1751 1653 1894 1692 absolvi

285 1707 387 1757 poss‘e
413 1707 615 1743 statuimus.
672 1708 844 1758 Quarum
870 1706 991 1754 prima
1017 1705 1077 1752 est,
1106 1718 1155 1742 an
1178 1716 1307 1742 motus
1328 1706 1391 1741 illc
1412 1705 1565 1743 diurnus
1591 1708 1764 1744 terminis
1791 1710 1892 1747 coeli

283 1763 536 1808 contineatur,
565 1771 628 1799 aut
646 1761 850 1807 delabatur,
880 1762 917 1797 δε
940 1759 973 1797 se
994 1759 1153 1800 insinuet
1176 1760 1221 1796 ad
1238 1760 1442 1797 inferiora?
1473 1761 1641 1798 Secunda
1660 1762 1720 1809 est,
1748 1775 1797 1801 an
1815 1776 1892 1802 ma-

284 1818 340 1854 ria
368 1818 587 1866 regulariter
615 1816 783 1853 ferantur
802 1816 849 1852 ab
875 1817 1024 1852 oriente
1044 1817 1085 1852 in
1108 1815 1360 1861 occidentem,
1388 1816 1712 1863 quemadmodum
1741 1820 1778 1856 &
1806 1830 1891 1857 coe·

287 1872 396 1909 lum?
432 1873 574 1917 Tertia,
603 1872 704 1909 unde
734 1873 771 1908 &
799 1871 1001 1918 quomodo
1024 1870 1086 1907 fiat
1107 1871 1356 1922 reciprocatio
1385 1872 1447 1907 illa
1476 1870 1682 1909 scxhoraria
1710 1871 1901 1921 aestuum,

284 1939 381 1975 quae
403 1927 537 1964 incidit
552 1928 602 1964 'in
630 1926 877 1975 quadrantem
906 1932 1032 1962 motus
1060 1926 1185 1963 diurni
1213 1938 1302 1963 eum
1317 1923 1527 1962 differentia
1549 1927 1740 1965 incidente
1767 1929 1809 1966 in
1837 1941 1891 1966 ra-

282 1983 409 2018 tiones
432 1991 560 2019 motus
588 1982 724 2019 lunae?
778 1981 907 2029 Itaque
936 1981 1040 2029 quod
1062 1981 1109 2017 ad
1137 1983 1299 2030 primam
1320 1978 1603 2028 inquisitionem
1624 1983 1769 2030 attinet,
1797 1984 1892 2021 arbi-

285 2045 430 2073 tramur
455 2046 607 2073 motum
641 2036 844 2073 rotationis
870 2033 941 2073 sive
969 2033 1222 2073 conversionis
1242 2036 1287 2072 ab
1315 2038 1464 2073 oriente
1487 2037 1527 2072 in
1551 2037 1793 2076 occidentem
1820 2038 1892 2076 ess'e

285 2101 441 2129 motum
463 2103 545 2128 non
572 2092 725 2143 proprie
752 2089 962 2137 coelestem,
991 2091 1052 2127 sed
1067 2092 1178 2143 plane
1192 2090 1414 2137 cosmicum,
1443 2101 1554 2139 atque
1577 2101 1727 2129 motum
1753 2094 1795 2131 in
1823 2093 1890 2132 flu-

283 2146 414 2183 oribus
437 2147 583 2195 magnis
598 2146 833 2195 primarium,
861 2147 926 2194 qui
949 2144 1064 2193 usque
1096 2158 1117 2183 a
1148 2145 1299 2183 summo
1330 2147 1441 2183 coelo
1469 2147 1514 2182 ad
1538 2148 1628 2183 imas
1651 2159 1762 2196 aquas
1788 2149 1892 2188 inve-

285 2203 422 2248 niatur,
451 2202 699 2238 inclinatione
722 2201 865 2247 eadem,
895 2201 1119 2238 incitatione
1139 2211 1264 2238 autem
1281 2200 1333 2245 (id
1353 2201 1402 2238 est
1421 2202 1618 2239 velocitate
1642 2204 1678 2239 ὅ(
1701 2203 1889 2253 tarditate)

286 2256 403 2306 longe
422 2255 594 2296 diversa5
623 2257 674 2292 ita
695 2265 822 2292 tamen
838 2265 878 2292 ut
894 2255 1030 2293 ordine
1054 2255 1213 2293 minime
1226 2257 1446 2307 perturbato
1468 2258 1659 2294 minuatur
1688 2259 1890 2307 celeritate,

285 2323 367 2359 quo
386 2313 538 2363 propius
564 2322 725 2360 corpora
755 2310 936 2348 accedunt
966 2311 1012 2348 ad
1040 2312 1200 2360 globum
1227 2305 1359 2348 terrae‘.
1417 2311 1578 2349 Videtur
1609 2322 1734 2350 autem
1762 2315 1892 2363 ptimo

284 2366 480 2416 probabile
502 2375 769 2415 argumentum
800 2364 896 2403 sumi
923 2366 1035 2415 poffe,
1064 2366 1169 2414 quod
1189 2376 1317 2403 motus
1345 2366 1409 2402 iste
1435 2378 1518 2403 non
1546 2369 1772 2406 terminetur
1799 2380 1890 2408 cum

287 2421 413 2467 coelo,
441 2423 528 2470 quia
554 2432 621 2470 per
643 2430 788 2458 tantam
811 2421 908 2458 coeli
931 2421 1243 2470 profunditatem,
1271 2431 1409 2469 quanta
1431 2422 1656 2465 interjicitnr
1683 2425 1782 2461 inter
1804 2436 1889 2462 coe-

286 2475 369 2511 lum
391 2475 574 2513 stellatum
594 2478 632 2514 &
654 2477 784 2513 lunam
803 2475 921 2524 (quod
940 2475 1099 2525 spatium
1124 2476 1251 2512 multo
1278 2477 1436 2524 amplius
1456 2475 1516 2522 est,
1546 2488 1660 2525 quam
1680 2488 1701 2515 a
1727 2479 1818 2516 luna
1840 2479 1888 2517 ad

285 2531 438 2577 terram)
463 2532 580 2569 valeat
603 2541 715 2579 atque
735 2532 856 2580 vigeat
878 2529 941 2568 iste
963 2541 1102 2577 motus,
1131 2542 1219 2568 cum
1234 2530 1369 2568 debitis
1383 2531 1631 2569 decrementis
1651 2531 1744 2574 suis3
1774 2542 1815 2571 ut
1829 2546 1889 2572 ve·

288 2581 442 2621 risimile
460 2597 541 2622 non
561 2583 604 2623 sit
624 2595 798 2623 naturam
813 2584 1265 2632 istiusmodiconsensum,
1295 2597 1359 2635 per
1374 2595 1477 2623 tanta
1491 2586 1599 2638 spatia
1610 2589 1888 2637 continuatum,

288 2641 328 2675 ὃ(
351 2638 534 2688 gradatim
558 2640 593 2677 se
616 2642 888 2687 remittentem,
918 2639 1043 2678 subito
1068 2641 1270 2693 deponere.
1325 2641 1442 2693 Quod
1470 2652 1594 2678 autem
1621 2653 1675 2679 res
1696 2643 1748 2680 ita
1772 2642 1808 2680 se
1826 2643 1890 2681 ha-

287 2694 372 2730 beat
388 2694 427 2730 in
447 2695 674 2742 coelestibus,
705 2697 888 2734 evincitur
903 2708 945 2732 ex
960 2696 1120 2743 duobus,
1147 2706 1241 2744 quae
1256 2697 1362 2733 aliter
1378 2695 1589 2744 sequentur,
1617 2697 1887 2736 incommodis.

288 2748 395 2786 Cum
417 2747 518 2785 enim
542 2750 776 2788 manifestum
803 2748 846 2787 sit
870 2750 917 2787 ad
946 2750 1106 2798 sensum,
1135 2752 1299 2800 planetas
1321 2751 1501 2788 diurnum
1523 2760 1675 2788 motum
1699 2764 1887 2804 peragere,

287 2800 356 2840 nisi
374 2813 536 2852 ponatur
557 2814 684 2841 motus
710 2804 771 2842 iste
796 2815 975 2854 tanquam
996 2807 1173 2844 naturalis
1198 2818 1240 2842 ac
1262 2807 1432 2856 proprius
1455 2807 1494 2843 in
1509 2804 1665 2854 planetis
1694 2808 1886 2855 omnibus,

286 2858 587 2907 confugiendum
602 2860 802 2896 necessario
815 2860 863 2897 est
878 2862 935 2898 vel
951 2861 995 2898 ad
1015 2870 1164 2912 raptum
1177 2862 1292 2912 primi
1313 2861 1476 2906 mobilis,
1497 2860 1600 2907 quod
1616 2871 1768 2899 naturae
1783 2874 1887 2912 pror-

288 2912 347 2950 sus
368 2912 587 2960 adversatur,
617 2923 681 2950 aut
703 2914 748 2950 ad
769 2916 1001 2952 rotationem
1030 2925 1160 2963 terrae,
1188 2916 1292 2964 quod
1313 2917 1426 2952 etiam
1456 2914 1538 2951 satis
1562 2916 1718 2953 licenter
1742 2921 1888 2967 excogi*

287 2976 412 3004 tatum
432 2967 492 3015 est,
521 2968 646 3017 quoad
666 2969 829 3005 rationes
849 2968 1022 3018 physicas,
1079 2972 1207 3019 Itaque
1226 2972 1266 3008 in
1282 2971 1392 3008 coelo
1407 2971 1457 3006 ita
1473 2967 1509 3005 se
1533 2982 1589 3006 res
1609 2970 1730 3008 habet.
1788 2973 1889 3010 Post-

287 3033 402 3069 quam
427 3033 553 3060 autem
576 3034 595 3059 a
614 3023 726 3059 coelo
747 3022 941 3061 discessum
961 3025 1020 3072 est,
1050 3027 1216 3062 cernitur
1238 3036 1356 3074 porro
1377 3023 1440 3060 iste
1465 3035 1591 3062 motus
1612 3023 1887 3066 evidentissime

289 3078 331 3115 in
355 3080 512 3117 cometis
527 3077 804 3125 humilioribus,
833 3079 911 3126 qui,
940 3090 1028 3117 cum
1054 3079 1252 3119 inferiores
1267 3079 1360 3118 orbe
1377 3079 1484 3116 lunae
1500 3075 1580 3127 sint,
1610 3089 1738 3118 tamen
1753 3082 1798 3119 ab
1814 3086 1887 3120 ori-

1801 3149 1887 3176 ente
