1973 3570
162 195 227 250 50

561 172 1026 232 ‘HisToRIA
1085 172 1636 231 νΕΝΤοΒυΜ.

296 295 461 336 porum3
491 282 543 321 ibi
565 284 670 320 enim
689 281 738 319 est
766 283 881 332 patria
895 283 1009 321 venti.
1068 280 1268 328 Postquam
1284 290 1409 317 autem
1431 282 1646 318 invenerint
1670 288 1896 327 currentem,

298 341 363 379 ubi
388 342 446 377 a'er
470 339 630 376 minime
654 334 791 383 resistit,
822 334 924 382 (ficut
949 347 1042 385 aqua
1067 337 1211 373 invenit
1227 335 1508 381 declivitatcm,)
1538 344 1620 371 tum
1642 333 1821 380 quicquid
1842 336 1900 371 in—

298 395 455 434 veniunt
489 390 617 430 similis
643 392 821 428 materiae
845 393 884 427 in
912 393 982 437 via,
1018 392 1059 427 in
1079 389 1317 427 consortium
1349 390 1545 438 recipiunt,
1583 391 1620 425 ὃ(
1642 388 1709 424 suo
1733 389 1899 426 currenti

300 448 484 488 miscent3
512 445 835 495 quemadmodum
857 445 998 483 faciunt
1015 447 1051 482 δε
1066 455 1205 481 amnes.
1261 446 1387 492 ltaque
1410 444 1515 481 venti
1541 441 1679 493 spirant
1709 441 1852 491 semper
1877 455 1899 480 a

301 514 405 555 parte
426 502 609 539 fomitum
632 500 798 537 suorum.

359 569 394 607 5.
422 556 520 597 Um
542 567 623 592 non
639 554 722 592 sunt
737 554 890 591 fomites
904 552 1062 603 insignes
1077 554 1117 590 in
1132 553 1260 601 aliquo
1275 554 1363 590 loeo
1374 562 1490 598 certo,
1500 563 1681 600 vagantur
1694 550 1903 589 admodum

302 613 419 658 venti,
448 612 484 648 ὅ(
508 609 615 647 facile
640 618 852 647 currentem
870 607 976 646 suum
997 618 1156 654 mutant,
1185 618 1225 646 ut
1250 611 1290 645 in
1313 608 1443 644 medio
1466 608 1559 643 mari
1583 609 1620 643 ὃ(
1643 605 1902 654 campestribus

302 677 422 710 terrae
441 665 534 701 latis.

357 722 394 757 6,
425 720 521 759 UBI
540 719 675 767 'magni
697 717 779 754 sunt
803 716 956 754 fomites
971 727 1173 755 ventorum
1189 718 1227 753 in
1244 728 1323 753 uno
1347 717 1448 761 loeo,
1479 714 1538 752 sed
1558 717 1598 753 in
1623 715 1715 751 locis
1737 715 1904 763 progres-

304 775 362 812 sus
395 774 447 810 sui
476 784 605 821 parvae
633 768 868 816 accessione5‚
908 772 959 808 ibi
984 772 1084 807 venti
1109 771 1259 806 fortiter
1290 771 1381 807 flant
1408 769 1473 807 sub
1497 772 1626 815 initiis,
1665 771 1701 804 δε
1724 770 1903 817 paulatim

304 827 547 867 flaccescunt3
578 826 641 863 ubi
661 836 804 871 contra,
835 825 988 862 fomites
1003 826 1121 873 magis
1136 826 1309 862 continui
1334 826 1496 861 leniores
1516 824 1600 861 sunt
1617 823 1682 860 sub
1706 825 1837 870 initiis,
1866 827 1903 861 ἃ

303 883 425 934 postca
444 891 635 930 augentur.

359 947 395 984 7.
426 937 555 973 SUNT
588 934 742 970 fomites
773 933 934 969 mobiles
962 943 1176 978 ventorum,
1206 931 1344 970 scilicet
1373 934 1412 969 in
1442 931 1628 973 nubibus;
1665 932 1729 980 qui
1758 932 1861 981 saepe
1883 945 1905 970 a

303 991 422 1029 ventis
450 989 491 1025 in
519 987 598 1025 alto
621 987 841 1037 spirantibus
863 986 1160 1036 transportantur
1185 989 1224 1024 in
1253 989 1336 1024 loca
1362 987 1494 1036 procul
1519 987 1687 1023 distantia
1707 986 1905 1025 fomitibus

305 1055 499 1093 vaporum,
527 1054 570 1079 ex
593 1042 727 1090 quibus
749 1051 944 1090 generatae
963 1042 1046 1078 sunt
1069 1043 1153 1078 illae
1177 1043 1317 1079 nubes:
1347 1052 1428 1078 tum
1445 1053 1534 1079 vero
1550 1042 1682 1090 incipit
1697 1040 1766 1078 css'e
1781 1040 1904 1079 fomes

306 1099 409 1137 venti
425 1110 467 1134 ex
482 1107 597 1146 parte,
626 1096 690 1133 ubi
705 1097 823 1133 nubes
838 1095 1021 1146 incipiunt
1038 1095 1130 1133 solvi
1146 1097 1185 1132 in
1200 1106 1368 1133 ventum.

362 1152 397 1190 8.
427 1151 499 1187 Ar
521 1152 707 1188 verticitas
729 1161 934 1189 ventorum
957 1162 1037 1188 non
1061 1150 1102 1187 fit
1125 1163 1184 1197 eo,
1213 1152 1316 1199 quod
1332 1160 1463 1189 ventus
1478 1152 1578 1199 prius
1594 1149 1685 1187 flans
1702 1148 1737 1186 se
1752 1151 1905 1188 transfe-

306 1217 384 1248 rat;
412 1204 473 1243 sed
488 1205 590 1253 quod
607 1206 670 1242 ille
685 1216 746 1242 aut
766 1205 958 1251 occiderit,
988 1215 1051 1242 aut
1071 1205 1117 1242 ab
1139 1207 1260 1242 altero
1279 1215 1396 1243 vento
1418 1205 1458 1241 in
1474 1206 1648 1241 ordinem
1664 1204 1828 1242 red-atius
1850 1203 1903 1242 fit.

306 1262 436 1309 Atque
450 1270 575 1298 totum
596 1260 668 1297 hoc
688 1262 886 1309 negotium
913 1260 1051 1309 pendet
1075 1272 1117 1296 ex
1140 1261 1249 1298 variis
1269 1261 1585 1297 collocationibus
1611 1259 1792 1296 fomitum
1820 1272 1907 1296 vcn-

307 1327 436 1353 torum
452 1317 488 1351 &
502 1316 676 1352 varietate
699 1325 928 1365 temporum,
957 1314 1109 1362 quando
1131 1326 1285 1364 vapores
1308 1328 1349 1351 ex
1374 1314 1588 1358 hujusmodi
1611 1313 1810 1350 fomitibus
1831 1327 1906 1351 ma-

309 1380 440 1408 nantes
463 1368 668 1407 solvuntur.

363 1436 401 1472 9.
433 1425 481 1462 81
501 1423 639 1462 fuerint
667 1424 819 1461 fomites
841 1433 1043 1461 ventorum
1064 1435 1083 1460 a
1100 1424 1266 1473 partibus
1288 1425 1497 1463 contrariis,
1527 1423 1641 1460 veluti
1671 1423 1764 1459 alter
1786 1422 1909 1461 fomes

311 1480 358 1516 ab
385 1478 515 1525 austro,
543 1480 635 1515 alter
663 1490 683 1514 a
712 1479 849 1519 borea3
885 1478 1108 1527 praevalebit
1141 1477 1280 1516 scilicet
1305 1488 1438 1516 ventus
1460 1477 1610 1523 fortior,
1645 1488 1769 1524 neque
1798 1490 1908 1515 crunt

311 1535 414 1572 venti
429 1534 622 1579 contrarii,
651 1532 712 1570 sed
731 1543 862 1570 ventus
881 1532 1020 1571 fortior
1033 1534 1222 1570 continuo
1241 1532 1392 1583 spirabit
1411 1546 1422 1573 ς
1451 1534 1502 1570 ita
1523 1542 1652 1569 tamen
1678 1542 1719 1569 ut
1743 1543 1762 1567 a
1791 1544 1909 1570 vento

310 1588 560 1625 imbecilliore
587 1587 765 1624 nonnihil
794 1587 989 1624 hebetetur
1015 1589 1050 1624 δ(
1072 1587 1276 1629 dometur5
1314 1598 1355 1625 nt
1377 1587 1419 1625 fit
1441 1588 1482 1624 in
1507 1587 1680 1624 amnibus
1709 1587 1909 1625 accedente

309 1641 411 1679 fluxu
431 1643 565 1682 maris3
597 1653 685 1678 nam
711 1651 839 1680 motus
865 1643 978 1679 maris
996 1643 1190 1691 praevalet,
1220 1645 1256 1680 ὃ(
1285 1642 1333 1679 est
1357 1644 1514 1683 unicus5
1544 1642 1604 1679 sed
1628 1653 1649 1677 a
1667 1651 1778 1678 motu
1804 1642 1909 1680 fluvii

311 1695 487 1732 nonnihil
504 1695 702 1733 fraenatur.
757 1697 873 1748 Quod
898 1694 923 1732 fi
942 1698 993 1733 ita
1016 1697 1202 1743 acciderit,
1231 1708 1272 1734 ut
1296 1698 1388 1733 alter
1412 1709 1454 1733 ex
1474 1698 1546 1733 illis
1563 1697 1684 1735 ventis
1699 1696 1907 1743 contrariis,

312 1752 377 1798 qui
400 1751 565 1799 primum
593 1750 731 1787 fortior
760 1750 892 1797 fuerat,
921 1750 1146 1798 succumbat,
1174 1761 1257 1789 tum
1281 1751 1405 1789 subito
1431 1751 1581 1800 spirabit
1608 1760 1741 1788 ventus
1763 1763 1784 1788 a
1805 1762 1910 1801 parte

310 1805 509 1851 contraria,
539 1805 638 1842 unde
654 1807 691 1842 ὅ(
706 1814 792 1841 ante
806 1805 974 1855 spirabat,
1006 1804 1066 1842 sed
1082 1807 1246 1843 latitabat
1266 1805 1332 1844 sub
1347 1807 1522 1855 potestate
1538 1807 1702 1849 majoris.

371 1870 431 1895 10.
463 1860 512 1895 81
541 1858 663 1896 fomes
694 1859 867 1910 (exempli
897 1858 1029 1909 gratia)
1061 1859 1174 1897 fuerit
1205 1862 1250 1898 ad
1276 1861 1553 1908 euro-boream,
1591 1861 1740 1910 spirabit
1770 1858 1908 1898 scilicet

312 1913 564 1950 curo—boreas.
619 1913 735 1966 Quod
750 1911 775 1949 fi
789 1914 929 1952 fuerint
945 1915 1022 1952 duo
1037 1914 1191 1952 fomites
1204 1926 1419 1961 ventorum,
1447 1916 1540 1952 alter
1569 1916 1614 1953 ad
1643 1926 1789 1961 eurum,
1818 1917 1908 1953 alter

312 1967 359 2004 ad
374 1968 540 2013 boream,
567 1968 594 2005 ii
616 1970 718 2006 venti
744 1968 789 2005 ad
809 1970 973 2018 aliquem
994 1969 1153 2006 tractum
1180 1970 1371 2020 spirabunt
1387 1970 1606 2021 separatim3
1635 1980 1671 2008 at
1693 1970 1772 2020 post
1796 1982 1909 2020 angu-

315 2023 398 2059 lum
419 2021 670 2060 conflucntiae
690 2022 878 2072 spirabunt
896 2024 941 2061 ad
955 2024 1233 2072 curo-boream,
1262 2036 1324 2063 aut
1340 2036 1427 2063 cum
1441 2026 1705 2072 inclinatione,
1731 2036 1846 2075 prout
1861 2027 1910 2069 al,-

313 2085 372 2113 ter
389 2075 513 2113 fomes
527 2076 638 2115 fuerit
654 2077 802 2114 fortior.
1228 2075 1231 2079 '

374 2140 435 2168 11.
467 2131 517 2168 81
540 2128 583 2168 fit
604 2130 726 2169 fomes
748 2133 851 2170 venti
878 2144 921 2170 ex
950 2142 1053 2183 parte
1076 2134 1232 2181 boreali,
1261 2135 1326 2183 qui
1346 2133 1451 2171 distet
1474 2133 1520 2170 ab
1537 2135 1660 2181 aliqua
1676 2135 1832 2184 regione
1857 2146 1909 2173 20

314 2184 537 2222 milliaribus
559 2187 596 2222 ὅ(
618 2184 659 2224 fit
682 2186 831 2234 fortior,
862 2188 954 2225 alter
970 2200 1011 2225 ex
1026 2198 1129 2236 parte
1143 2190 1331 2235 orientali,
1360 2191 1425 2238 qui
1439 2187 1544 2225 distet
1565 2199 1613 2225 10
1628 2190 1850 2228 milliaribus
1872 2194 1911 2229 ὅ(

313 2236 357 2276 fit
370 2238 530 2276 debilior
544 2252 555 2280 3
583 2238 734 2291 spirabit
752 2249 879 2280 tamen
894 2243 939 2280 ad
954 2244 1092 2290 aliquas
1107 2242 1216 2281 horas
1232 2256 1353 2291 eurus,
1382 2245 1496 2295 paulo
1510 2243 1589 2294 post
1619 2243 1817 2290 (nimirum
1829 2246 1911 2298 post

311 2291 511 2330 emensum
525 2294 607 2341 iter)
624 2294 764 2333 boreas.
1829 2300 1833 2302 “

341 2378 344 2381 .
376 2356 437 2382 12.
466 2347 514 2383 81
539 2346 648 2396 spiret
663 2349 804 2396 boreas,
832 2359 943 2400 atque
967 2361 1137 2389 occurrat
1160 2352 1206 2389 ab
1230 2353 1427 2391 occidente
1450 2363 1562 2390 mons
1590 2354 1734 2402 aliquis,
1762 2352 1912 2404 spirabit

316 2400 429 2448 paulo
464 2400 541 2450 post
573 2403 823 2451 euro-boreas,
859 2404 1085 2456 compositus
1123 2406 1263 2444 scilicet
1296 2419 1339 2445 ex
1370 2419 1486 2445 vento
1523 2409 1700 2457 originali
1729 2411 1766 2445 δε
1788 2421 1910 2459 reper-

317 2453 430 2491 cuffo.

378 2517 438 2558 13.
468 2509 515 2546 St
544 2507 585 2547 fit
607 2508 730 2549 fomes
756 2522 958 2552 ventorum
985 2516 1027 2552 in
1054 2523 1153 2553 terra
1174 2527 1194 2553 a
1218 2526 1322 2566 parte
1345 2516 1492 2563 boreae,
1521 2517 1656 2555 halitus
1679 2528 1806 2555 autem
1834 2519 1912 2562 ejus

316 2561 455 2601 feratur
475 2563 570 2603 resta
598 2563 752 2612 sursum,
780 2567 818 2604 &
845 2569 1010 2607 inveniat
1037 2569 1180 2607 nubem
1206 2571 1371 2619 gelidam
1401 2572 1447 2609 ab
1470 2573 1682 2620 occidente,
1710 2584 1805 2622 quae
1829 2586 1912 2611 eam

319 2617 361 2653 in
375 2616 566 2655 adversum
580 2618 763 2666 detrudat,
794 2619 942 2671 spirabit
957 2624 1207 2662 euro-boreas.

373 2669 581 2732 Monifum.
611 2674 636 2710 F
643 2685 829 2713 oMl'rEs
851 2686 1053 2716 ventorum
1072 2680 1112 2716 in
1135 2688 1232 2716 terra
1247 2681 1284 2721 ὃ(
1303 2681 1397 2719 mari
1412 2681 1496 2719 sunt
1515 2682 1669 2729 stabiles,
1698 2684 1748 2719 ita
1762 2692 1805 2720 ut
1823 2682 1911 2720 fons

320 2726 358 2762 ὅ(
373 2727 483 2775 origo
497 2726 662 2776 ipsorum
686 2730 818 2767 melius
841 2732 1086 2782 percipiatur:
1114 2743 1150 2770 at
1170 2733 1323 2772 fomites
1350 2747 1552 2775 ventorum
1577 2739 1618 2773 in
1641 2737 1803 2780 nubibus
1825 2737 1912 2775 sunt

319 2781 506 2821 mobilem
536 2781 631 2820 adeo
650 2792 691 2820 ut
719 2784 806 2821 alibi
822 2784 1071 2837 suppeditetur
1092 2789 1246 2826 materia
1269 2800 1485 2838 ventorum,
1516 2793 1604 2828 alibi
1632 2787 1723 2829 ver'o
1750 2790 1813 2841 ipsi
1836 2792 1912 2830 for-

322 2844 500 2893 mentur:
529 2836 567 2875 id
589 2837 692 2887 quod
715 2834 829 2878 efficit
854 2840 1100 2880 direffloncm
1123 2853 1250 2882 motus
1281 2845 1322 2882 in
1353 2848 1473 2885 ventis
1501 2846 1620 2897 magis
1650 2845 1845 2885 confusam
1874 2847 1911 2891 ὅ(

324 2899 515 2928 incertam.

720 2957 735 2985 1

1779 3011 1910 3056 Har-c
