1973 3570
183 182 259 240 IN
299 179 612 228 FELICEM
655 178 1063 227 MEMORIAM
1104 179 1620 228 ELIZABETHAE.

81 284 226 328 statum,
268 281 335 332 qui
363 290 450 316 ante
478 275 696 316 vicesimum
727 276 882 315 tertium
916 277 1020 326 regni
1049 274 1102 314 sui
1129 287 1273 313 annum
1303 285 1392 321 erar,
1422 289 1602 316 revertere
1629 278 1694 318 sibi

77 330 273 387 ,integrum
299 345 382 372 non
408 333 507 372 effet.
561 333 646 370 Huc
665 327 814 371 accessit
837 331 1077 381 quorundam
1109 329 1148 368 in
1173 328 1248 368 fisci
1280 332 1496 368 commodis
1517 337 1695 382 augendis

82 385 285 433 industria3
313 390 352 427 ὅ(
376 386 633 426 ministrorum
655 385 821 434 justitiae,
853 383 917 438 qui
945 398 1028 424 non
1055 385 1169 423 aliam
1201 387 1339 437 patriae
1372 385 1542 434 salutem,
1580 400 1694 436 quam

83 458 177 497 quae
206 444 350 494 legibus
377 442 606 489 continetur,
634 441 878 492 introspicere
906 452 969 478 aut
990 440 1126 479 intueri
1152 440 1438 485 consueverunt,
1470 440 1692 485 solicitud05

83 512 179 554 quae
201 497 355 549 quidem
380 499 642 536 executionem
670 499 800 547 legum
822 495 1024 547 poscebant
1054 499 1091 534 ὃ(
1122 494 1315 545 urgebant„
1372 495 1449 545 Ipsa
1478 507 1605 534 tamen
1641 498 1692 545 (in

82 565 236 594 naturae
251 552 334 592 suae
350 551 536 602 specimen
551 549 804 600 manifestum)
836 553 886 589 ita
916 552 1042 601 legum
1067 562 1293 587 mueronem
1316 549 1503 597 contudit,
1532 562 1573 588 ut
1588 553 1694 601 pauci

82 623 156 664 pro
178 620 342 649 numero
369 608 572 646 sacerdotes
599 606 744 658 capitali
770 604 948 658 supplicio
977 606 1236 656 plecterentur.
1295 607 1432 653 Neque
1462 605 1551 642 haee
1570 606 1695 644 desen-

81 661 194 709 fionis
208 667 298 703 loeo
313 661 409 701 diua
431 661 529 710 sunt,
558 673 632 710 qua
645 674 702 700 res
715 660 799 699 istae
813 673 896 699 non
916 671 1028 711 egent
1043 675 1051 697 2
1080 673 1170 698 cum
1186 663 1222 697 δε
1242 658 1335 698 salus
1350 659 1454 711 regni
1470 659 1509 697 in
1529 661 1604 698 lioe
1619 675 1695 700 ver‘

83 731 237 767 teretur,
265 721 304 757 &
322 717 512 756 universae
530 716 627 754 istius
638 715 836 755 severitatis
850 718 950 754 ratio
965 718 1001 754 δε
1020 716 1158 754 modus
1185 715 1303 765 longe
1325 716 1423 752 infra
1451 715 1695 765 sanguinaria,

82 771 237 815 &inter
252 769 481 812 Christianos
491 771 548 811 vix
565 772 813 819 nominanda,
843 783 958 821 eaque
981 771 1104 822 potius
1117 771 1164 808 ab
1187 769 1396 819 arrogantia
1420 781 1531 820 atque
1555 771 1696 809 malitia

79 843 201 882 ‚quam
215 842 236 868 a
250 824 463 867 necestitate
483 827 660 879 profesta,
680 826 963 878 pontificiorum
979 828 1148 879 exempla
1163 824 1311 863 steterit.
1322 818 1330 834 ”
1372 826 1444 863 Sed
1471 827 1559 871 ejus,
1588 827 1692 877 quod

87 885 313 939 asseruimus,
342 895 543 930 memores„
573 895 657 920 eam
671 881 711 920 in
727 881 832 920 causa
852 881 1043 932 religionis
1070 881 1306 919 moderatam
1329 878 1443 930 fuiss'e,
1465 884 1500 917 ὁ(
1526 883 1697 919 variatio—

84 953 191 994 nem,
217 952 312 999 quae
331 937 413 986 fuit,
442 951 525 976 non
542 939 584 976 in
595 949 726 977 natura
740 937 813 990 sua,
842 937 903 976 sed
930 936 970 975 in
994 937 1230 988 temporibus
1245 934 1410 983 enimse,
1433 931 1704 974 demonstrali'e*

86 1008 158 1034 nos
173 992 430 1033 existimamus.

109 1046 112 1049 ’
139 1052 177 1089 D
188 1061 212 1088 Ε
235 1047 438 1087 constantia
453 1059 580 1088 autem
595 1045 863 1087 Elizabethae
877 1049 917 1086 in
932 1047 1114 1099 religione
1128 1059 1170 1085 ac
1192 1048 1270 1093 ejus
1284 1048 1401 1095 cultu,
1423 1045 1627 1085 maximum
1644 1059 1698 1085 ar·

86 1116 314 1158 gumentum
325 1104 386 1149 est,
412 1105 518 1156 quod
532 1103 757 1154 religionem
772 1102 1005 1154 pontificiam
1029 1115 1151 1153 regno
1179 1101 1315 1139 sororis
1344 1095 1561 1141 ausi-oritate
1577 1101 1695 1152 publi-

85 1163 199 1214 ca&
220 1161 341 1198 multa
358 1165 446 1196 c'ura
465 1158 632 1212 impense
655 1162 692 1196 δε
711 1157 906 1197 stabilitam
934 1160 971 1195 δε
985 1159 1075 1196 altas
1102 1158 1176 1204 jam
1206 1158 1344 1194 radices
1369 1167 1556 1207 agentem,
1585 1168 1698 1206 atque

36 1250 38 1252 ,
83 1211 282 1269 omniurn,
309 1215 430 1266 quiin
447 1212 712 1264 magistratibus
726 1217 764 1252 ὃ(
777 1226 866 1252 cum
881 1213 1058 1264 potestate
1075 1223 1194 1260 erant,
1222 1211 1405 1249 consensu
1434 1214 1471 1248 &
1495 1211 1616 1249 studio
1637 1212 1698 1249 fir-

90 1281 255 1325 maram3
283 1280 410 1322 tamen
429 1267 738 1320 quandoquidem
767 1280 838 1306 nec
859 1269 990 1307 Verbo
1013 1269 1086 1305 Dei
1108 1280 1179 1305 nec
1207 1266 1415 1319 primitivae
1443 1265 1592 1318 puritati
1626 1279 1698 1304 nec

90 1324 344 1365 conscientiae
359 1322 443 1361 suae
456 1324 708 1362 consentanea
727 1324 831 1371 effer,
854 1322 1019 1361 maximo
1039 1321 1170 1360 animo
1198 1325 1235 1359 ὃς
1254 1318 1476 1371 pauciffimis
1507 1322 1699 1367 adjumen—

91 1381 138 1421 tis
151 1377 336 1420 convuffit
351 1378 606 1429 &abrogavit
661 1381 800 1432 Neque
824 1378 862 1416 id
881 1391 1052 1428 praeceps
1075 1388 1138 1415 aut
1167 1379 1238 1415 acri
1271 1379 1427 1427 impetu,
1455 1376 1517 1413 sed
1542 1378 1700 1426 pruden-

92 1433 429 1487 ter&tempestive
457 1434 554 1472 fecit.
612 1434 741 1483 quue,
769 1444 854 1471 tum
875 1446 917 1470 ex
940 1432 1016 1470 aliis
1037 1434 1167 1470 multis
1194 1432 1314 1479 rebus,
1344 1443 1426 1469 tuin
1456 1444 1499 1468 ex
1524 1430 1704 1483 responso

94 1491 264 1542 quodam
284 1489 352 1527 suo
377 1502 442 1539 per
456 1487 692 1527 occasionem
718 1489 817 1527 faito
841 1487 1025 1534 conjicere
1048 1490 1148 1525 lieet.
1207 1489 1312 1525 Nam
1334 1488 1466 1538 primis
1494 1489 1601 1535 regni
1629 1488 1705 1523 clie-

95 1548 177 1594 bm,
205 1551 294 1596 'cum
317 1543 356 1582 in
380 1557 496 1582 omen
513 1547 549 1582 δε
578 1545 871 1594 gratulationem
899 1545 990 1582 nox-i
1015 1542 1240 1594 principatus
1263 1542 1378 1579 vineti
1409 1540 1468 1590 (ut
1490 1540 1605 1577 moris
1634 1537 1699 1590 eli]

95 1596 342 1653 foliaecientun
371 1596 516 1637 accessit
541 1600 586 1636 ad
602 1611 684 1637 eam
699 1594 744 1636 ad
779 1599 954 1636 sacellum
982 1603 1065 1635 'tum
1081 1607 1313 1650 pergentem,
1353 1594 1490 1633 aulicus
1523 1597 1703 1644 quidam3

95 1652 162 1710 qui
176 1668 225 1694 ex
245 1666 377 1694 natura
397 1653 718 1693 &consuetudine
733 1654 894 1700 jocandi,
923 1655 1115 1690 licentiam
1139 1653 1327 1701 quandam
1355 1649 1420 1687 sibi
1448 1650 1704 1701 affumpserat:

96 1713 214 1762 isque,
241 1709 314 1749 five
329 1723 372 1748 ex
388 1720 501 1747 motu
515 1711 682 1761 proprio,
710 1707 781 1747 live
810 1722 830 1746 a
849 1709 1016 1758 quodam
1044 1708 1287 1760 prudentiore
1315 1704 1506 1754 immistus,
1535 1704 1707 1742 libellum

99 1768 140 1806 su
169 1765 303 1818 plicem
326 1765 359 1803 ei
387 1763 561 1816 porrexit,
592 1767 628 1802 &
656 1766 697 1802 in
717 1771 853 1814 magna
880 1763 1089 1815 frequentia
1118 1763 1214 1799 clara
1241 1773 1334 1800 voce
1363 1759 1517 1807 addidit,
1548 1758 1710 1810 Restare

153 1819 229 1859 huc
237 1827 402 1875 quatuor
411 1820 653 1873 autquinque
662 1818 828 1866 -ιίἠίῖθῑ,
839 1817 952 1872 idque
962 1818 1151 1856 immerito
1162 1831 1171 1859 ς
1193 1814 1322 1867 illjsfi
1336 1813 1556 1853 libertatem
1566 1822 1610 1852 ut
1618 1813 1704 1852 reli-

104 1877 194 1932 quis
202 1882 338 1929 petere
348 1894 362 1919 ς
383 1887 444 1912 eos
459 1872 529 1926 essse
543 1881 707 1928 quatuor
722 1871 1013 1927 Evangelg‘sfas,
1037 1880 1154 1925 usqne
1170 1872 1289 1909 etjam
1300 1868 1518 1922 giffaoslofa‘ifz
1536 1872 1706 1917 Paulum,

105 1932 175 1987 qui
188 1929 257 1969 diu
265 1930 400 1984 tgnota
415 1928 560 1981 lingua,
577 1937 764 1982 tanquam
791 1941 953 1977 carcere,
983 1925 1151 1977 conclsfi,
1181 1923 1472 1978 iuterpopzzlitm
1487 1923 1708 1977 coaveffizri

104 1983 349 2039 nonpoffi’nt.
408 1984 483 2022 Cui
497 1983 560 2022 illa
573 1981 870 2037 prudentissime,
888 1981 918 2022 S
917 1981 1170 2036 c{s2·itandnm
1180 1979 1306 2019 adhuc
1321 1978 1456 2017 melius
1466 1978 1512 2016 ab
1522 1976 1608 2032 jpsts
1627 1977 1710 2031 effe,

106 2049 239 2095 utrum
252 2038 412 2079 liberari
419 2037 582 2086 vellent,
605 2051 731 2078 necne.
788 2040 918 2092 Atque
932 2038 993 2085 ita,
1009 2038 1230 2090 improvisae
1250 2036 1455 2085 quaestioni
1470 2034 1643 2086 suspenso
1660 2047 1712 2072 re—

107 2097 246 2150 sponso
254 2094 436 2136 occurrit3
457 2095 572 2133 veluti
585 2094 714 2132 omnia
722 2094 866 2145 integra
877 2093 941 2131 fibi
956 2094 1111 2132 servans.
1168 2095 1304 2140 Neque
1315 2101 1440 2127 tamen
1450 2090 1580 2127 timide
1596 2092 1632 2126 &
1647 2103 1712 2141 per

109 2155 208 2191 vices
219 2150 311 2190 haee
324 2150 511 2188 instillavit
526 2168 541 2192 ,-
572 2150 632 2187 scd
643 2148 775 2187 ordine
785 2148 886 2200 gravi
902 2152 1111 2195 &matur0,
1127 2148 1256 2185 habito
1266 2146 1361 2183 inter
1371 2156 1491 2197 partes
1502 2145 1714 2192 colloquio,

111 2210 149 2246 ὅ(
176 2204 328 2258 perastis
354 2204 461 2255 regni
475 2203 646 2252 comitiis,
675 2216 758 2242 turn
772 2205 942 2251 demum,
971 2204 1083 2252 idque
1112 2205 1210 2240 intra
1223 2202 1358 2238 orbem
1380 2199 1487 2237 unius
1521 2198 1608 2236 anni
1636 2212 1713 2237 ver-

103 2264 236 2307 tentis,
265 2263 316 2299 ita
338 2262 469 2298 omnia
483 2273 577 2311 quae
596 2260 642 2297 ad
664 2258 863 2305 Ecclesiam
883 2257 1132 2308 pertinebant,
1162 2254 1347 2294 ordinavit
1377 2258 1413 2292 &
1444 2252 1629 2300 stabilivit,
1672 2265 1715 2291 ut

113 2330 164 2365 ne
197 2316 379 2369 punstum
406 2313 560 2364 quidem
585 2315 632 2351 ab
660 2313 732 2351 illis
760 2315 806 2351 ad
839 2325 1050 2351 extremum
1085 2311 1180 2349 vitae
1209 2311 1322 2355 diem,
1360 2310 1483 2346 recedi
1516 2319 1715 2358 pateretur.

114 2373 222 2425 Quin
239 2373 275 2408 &
289 2367 438 2420 singulis
453 2369 530 2407 fere
544 2368 650 2419 regni
663 2368 842 2415 comitiis,
870 2381 918 2406 ne
933 2367 1023 2416 quid
1039 2366 1078 2404 in
1089 2365 1267 2403 Ecclesiae
1285 2364 1478 2416 disciplina
1495 2374 1557 2402 aut
1574 2366 1717 2412 ritibus,

102 2423 381 2471 innovaretur,
400 2425 549 2474 publice
560 2426 726 2462 monuit.
780 2425 912 2472 Atque
927 2423 973 2459 de
989 2421 1169 2472 religione
1189 2421 1374 2458 haetenus.

106 2524 109 2527 μ
171 2476 313 2534 Quoi)
332 2477 357 2516 fi
381 2481 463 2528 quis
480 2492 523 2516 ex
550 2478 782 2526 tristioribus,
810 2477 948 2517 leviora
978 2478 1041 2514 illa
1074 2485 1294 2526 exaggerem
1323 2474 1427 2524 quod
1455 2475 1543 2522 coli,
1571 2474 1720 2525 ambiri,

119 2532 213 2588 ‘quin
233 2539 271 2573 &
291 2535 407 2572 moris
429 2535 589 2571 nomine
612 2534 647 2572 se
667 2532 842 2572 celebrari
874 2536 911 2571 δῖ
939 2530 1068 2570 extolli
1096 2529 1247 2576 sinebat,
1275 2541 1386 2577 atque
1409 2530 1579 2570 volebat3
1608 2541 1722 2580 caque

120 2594 219 2644 ultra
241 2589 383 2628 sortem
411 2587 537 2626 aetatis
564 2590 835 2627 continuabat:
865 2588 955 2626 haee
979 2598 1107 2624 tamen
1136 2585 1162 2623 fi
1181 2586 1335 2622 mollius
1361 2582 1525 2636 accipias,
1541 2579 1552 2587 ’
1567 2584 1724 2621 admira-

123 2646 230 2686 tione
246 2648 282 2683 &
296 2644 370 2696 ipsa
389 2656 511 2681 carere
531 2656 612 2680 non
627 2644 799 2693 poss'unt5
829 2655 917 2682 cum
936 2641 1020 2680 talia
1043 2639 1112 2679 fint
1135 2641 1224 2687 fere,
1252 2640 1375 2691 qualia
1399 2637 1438 2676 in
1452 2637 1624 2677 fabulosis
1645 2652 1725 2676 nar-

125 2700 331 2740 rationibus
351 2696 612 2740 inveniantur}
642 2698 689 2736 de
712 2697 838 2747 regina
861 2697 1022 2747 quadam
1050 2698 1090 2733 in
1113 2696 1243 2733 insulis
1267 2696 1382 2732 beatis
1397 2694 1547 2742 ejusque
1571 2696 1652 2731 aula
1675 2704 1727 2730 at-

126 2769 200 2806 que
224 2755 410 2800 institutis,
439 2765 533 2802 quac
558 2754 699 2790 amoris
721 2752 1082 2790 administrationem
1117 2749 1278 2802 recipiat,
1309 2749 1370 2796 sed
1393 2748 1578 2796 lasciviam
1608 2746 1729 2796 prohi-

127 2807 233 2850 bent:
260 2805 314 2846 fin
338 2807 507 2855 severius,
536 2807 674 2845 habent
691 2809 727 2853 ὅς
741 2807 804 2845 illa
817 2805 1120 2854 admirationem,
1149 2817 1306 2855 eamque
1320 2798 1602 2848 velmaximana,
1625 2801 1730 2853 quod

129 2862 345 2919 huiusmodi
360 2862 522 2909 deliciae,
551 2875 632 2899 non
647 2863 813 2901 multum
828 2862 960 2908 famae,
991 2861 1045 2897 nil
1065 2860 1213 2912 preirsus
1226 2858 1403 2903 majestati
1419 2860 1495 2903 ejus
1515 2855 1731 2898 officere-nm

123 2917 416 2971 unecimperium
435 2918 653 2963 relaxarent,
681 2929 752 2955 nec
765 2916 1041 2968 impedimento
1056 2914 1214 2963 notabili
1237 2915 1346 2951 rebus
1360 2917 1396 2951 ὃ(
1416 2910 1576 2961 negotiis
1603 2922 1734 2959 geren-

134 2969 330 3016 dis‘effcnt.
387 2971 614 3019 Huiusmodi
630 2973 733 3009 enim
749 2984 818 3018 res,
854 2970 889 3008 se
903 2984 990 3009 cum
1012 2971 1160 3022 publiea
1174 2969 1332 3008 fortuna.
1347 2966 1602 3013 commisto-e,
1636 2966 1736 3004 haud.

135 3025 222 3067 rar'o
235 3025 370 3077 solent.
425 3028 584 3079 Verum,
610 3037 653 3064 ut
677 3026 870 3064 sermones
892 3024 1036 3063 nostros
1060 3025 1292 3062 claudamus:
1323 3024 1394 3061 fuit
1421 3032 1521 3058 certe
1548 3018 1607 3058 ista
1635 3023 1736 3072 prin-

120 3096 222 3136 ceps
241 3083 343 3124 bona
357 3083 394 3120 δε
409 3093 574 3128 morata3
603 3081 717 3130 etiam
737 3077 818 3120 talis
839 3078 954 3118 videri
969 3076 1108 3119 voluit':
1137 3080 1224 3118 vitia
1243 3080 1385 3123 oderat,
1415 3079 1451 3113 ὅ(
1472 3074 1508 3112 se
1532 3073 1640 3114 bonis
1654 3077 1738 3113 arti-

134 3174 136 3176 ,
196 3137 364 3177 Vomss.
836 3133 880 3174 D
896 3135 919 3173 d
935 3135 957 3173 d
992 3147 1009 3173 z
1674 3130 1741 3167 bus

1767 189 1877 249 395
