1973 3570
71 199 170 265 236

308 192 408 241 DE
456 183 754 236 FLUXU
805 177 911 230 ET
963 167 1379 226 REFLUXU
1435 163 1705 219 MARIS.

214 288 263 328 ad
281 289 375 327 latus
394 283 608 336 oppositum
629 281 851 320 advolvitur.
906 276 1023 328 Quod
1048 286 1139 313 vero
1162 283 1289 310 motus
1312 272 1375 309 iste
1396 275 1613 321 neutiquam
1637 274 1679 312 fit
1703 281 1815 330 prm-,3

214 344 374 396 generis,
410 342 575 379 occurrit
600 337 693 375 illud
715 335 912 387 imprimiS,
950 331 1054 380 quod
1080 332 1120 366 in
1146 326 1293 366 diversis
1322 330 1455 366 mundi
1484 331 1648 378 partibus
1676 338 1817 374 variant

215 398 331 438 aestus
360 396 563 435 secundum
587 402 782 441 tempora3
822 399 863 426 ut
892 388 981 424 fiant
1008 388 1049 422 in
1077 385 1261 433 aliquibus
1290 384 1383 421 locis
1411 385 1529 422 fluxus
1557 387 1594 422 ὅ(
1621 401 1823 438 augmenta

217 464 412 504 aquarum,
450 462 538 488 curn
562 448 651 485 alibi
679 445 748 483 fint
769 444 815 482 ad
843 455 900 481 eas
921 442 1029 480 horas
1057 439 1215 476 refluxus
1235 440 1272 475 ὅ(
1297 439 1547 478 decrementa.
1606 445 1840 490 Debuerant·

219 520 347 547 autem
367 518 494 556 aquae,
522 501 547 541 fi
564 504 647 540 illae
667 513 748 538 non
763 498 1079 551 progrederentur
1094 495 1139 532 de
1156 496 1245 532 loco
1265 494 1305 529 in
1323 495 1462 541 locum,
1493 496 1553 533 sed
1575 510 1616 534 ex
1632 499 1823 550 profundo
1850 501 1854 504 “

223 565 437 607 ebullirent,
466 560 605 606 ubique
626 555 733 594 simul
757 555 792 592 se
815 554 998 597 attollere,
1029 561 1139 598 atque
1164 549 1285 586 rursus
1306 547 1411 586 fimul
1433 551 1468 587 se
1489 551 1660 601 recipere.
1716 556 1829 593 Vide-

224 631 309 657 mus
333 618 437 655 enim
457 615 552 652 duos
583 614 670 649 illos
691 612 783 648 alios
805 620 934 646 motus
958 604 1166 643 semestrem
1193 607 1230 642 ὅ(
1256 604 1577 643 stmimenstruum
1601 620 1666 658 per
1687 611 1834 649 univer—1

227 674 311 713 sum
339 673 472 710 orbem
493 678 678 706 terrarum
706 663 813 702 simul
840 663 1014 713 perfungi
1045 671 1156 709 atque
1180 658 1336 709 operari.
1393 662 1526 698 Fluxus
1553 665 1655 700 cuim
1687 664 1751 702 sub
1776 665 1846 702 ae?

230 727 434 778 quinoffiis
454 725 595 772 ubique
618 730 825 771 augentur3
862 730 943 754 non
967 719 1007 753 in
1027 718 1108 752 aliis
1127 717 1291 765 partibus
1317 715 1382 752 sub
1405 718 1662 765 aequinostiis,
1693 721 1732 756 in
1755 717 1835 762 {iliis
1859 754 1864 759 ,

232 784 300 822 sub
329 781 506 832 tropicis;
547 788 659 824 atque
686 772 814 811 similis
842 773 891 809 est
921 773 1019 808 ratio
1047 780 1175 807 motus
1203 769 1484 808 semimenstrui'.
1547 773 1704 822 Ubique
1731 775 1847 813 enim‘

233 847 419 878 terrarum
442 831 672 871 invalescunt
693 840 807 877 aquae
831 829 872 864 in
893 824 1097 863 noviluniis
1121 827 1157 862 ὅ(
1181 826 1409 873 pleniluniis,
1438 826 1572 864 nullibi
1597 830 1637 865 in
1661 828 1839 868 dimidiis.

233 895 365 941 Itaque
386 889 562 927 videntur
583 897 708 923 revera
731 894 845 931 aquae
866 882 906 918 in
924 881 1071 918 duobus
1088 881 1161 916 illis
1177 880 1344 917 motibus
1363 883 1472 929 plane
1488 882 1608 919 attolli
1625 886 1660 920 ὃς
1675 885 1841 933 demitti,
1858 885 1864 921 ,’

236 951 277 987 &
303 944 417 984 veluti
445 943 520 993 pati
549 950 757 993 apogaeum
787 940 823 974 ὅ(
852 937 1079 986 perigaeum,
1122 935 1447 982 quemadmodum
1478 937 1657 975 coelestia.
1713 937 1844 989 Atque
1867 938 1869 940 ’

236 1004 281 1041 in
303 1002 404 1038 fluxu
424 1000 461 1036 ὅ(
476 995 618 1034 refluxu
637 996 761 1041 maris,
789 992 836 1030 de
856 1004 934 1040 quo
958 990 1082 1027 sermo
1105 992 1166 1037 est,
1194 999 1327 1027 contra
1342 991 1402 1028 fit:
1432 993 1536 1040 quod
1560 1004 1688 1031 motus
1702 995 1742 1031 in
1755 1006 1846 1047 pro·
1865 992 1869 995 ’

240 1055 360 1094 cvi-effu
389 1048 637 1091 certiffimum
664 1047 812 1099 signum
840 1047 901 1084 est.
957 1047 1150 1083 Praeterea
1174 1043 1200 1082 fi
1230 1045 1349 1083 fluxus
1377 1059 1556 1096 aquarum
1585 1059 1747 1098 ponatur
1774 1048 1846 1088 effe'
1864 1047 1879 1087 ’,

239 1089 416 1154 sublatio,
454 1105 727 1145 attendendum
752 1103 868 1156 paulo
890 1102 1108 1150 diligentius
1131 1102 1332 1150 quomodo
1356 1100 1416 1139 ista
1441 1102 1599 1140 sublatio
1621 1104 1700 1140 fieri
1725 1098 1850 1154 possit.

242 1167 327 1206 Aut
350 1161 452 1202 enim
472 1163 535 1200 fiet
554 1171 684 1198 tumor
708 1159 754 1196 ab
774 1158 884 1195 audo
907 1166 1053 1205 quanto
1082 1169 1273 1206 aquarum,
1312 1168 1373 1194 aut
1403 1158 1448 1194 ab
1471 1157 1685 1196 extensione
1705 1157 1775 1198 sive
1800 1171 1853 1196 ra.

246 1221 453 1261 refaaione
481 1227 662 1265 aquarum
686 1216 725 1252 in
755 1213 894 1251 eodem
922 1223 1078 1261 quanm,
1119 1222 1180 1249 aut
1207 1224 1273 1263 per
1300 1213 1551 1250 sublationem
1579 1212 1786 1263 simplicem
1813 1215 1855 1251 in

246 1276 388 1315 eodem
410 1282 554 1323 quanto
568 1281 680 1319 atque
703 1269 841 1307 eodem
856 1279 1027 1317 corpore.
1083 1268 1214 1316 Atque
1234 1270 1388 1305 tertium
1403 1267 1496 1305 illud
1521 1269 1669 1318 prorsus
1685 1270 1858 1313 abjicien-

247 1332 355 1370 dum.
412 1330 451 1368 Si
480 1327 586 1365 enim
612 1337 719 1374 aqua,
756 1325 874 1373 qualis
894 1324 954 1370 est,
992 1324 1198 1369 attollatur,
1234 1334 1277 1359 ex
1302 1323 1377 1359 hoe
1404 1323 1633 1372 relinquatur
1659 1324 1861 1371 necessario

249 1388 366 1426 inane
393 1386 494 1422 inter
520 1393 659 1419 terram
685 1391 796 1428 atque
822 1380 898 1416 ima
922 1389 1049 1426 aquae,
1086 1389 1174 1414 cum
1200 1388 1281 1413 non
1308 1375 1352 1414 fit
1385 1389 1520 1427 corpus
1550 1379 1655 1427 quod
1681 1378 1863 1427 succedat.>

252 1440 374 1495 Quod
400 1437 427 1477 fi
450 1436 493 1475 fit
521 1448 620 1475 nova
646 1436 767 1472 moles
791 1446 918 1482 aquae,
956 1431 1097 1469 necesse
1123 1432 1172 1468 est
1200 1443 1283 1468 eam
1303 1443 1477 1470 emanare
1510 1444 1620 1482 atque
1645 1433 1818 1471 scaturire
1843 1446 1864 1482 e

257 1507 368 1536 terra.
428 1494 495 1531 Sin
518 1504 611 1530 vero
625 1488 667 1527 fit
689 1486 853 1526 extensio
876 1497 1038 1534 tantum,
1067 1487 1106 1524 id
1128 1486 1192 1524 fiet
1206 1487 1266 1525 vel
1282 1499 1346 1538 per
1366 1487 1598 1526 solutionem
1617 1490 1658 1526 in
1680 1491 1799 1539 magis
1813 1483 1867 1527 rass
1887 1487 1890 1489 ’

257 1562 358 1597 rum,
397 1548 457 1587 vel
487 1546 696 1598 appetitum
728 1544 1056 1594 appropinquandi
1084 1542 1129 1579 ad
1160 1542 1261 1579 aliud
1290 1554 1438 1595 corpus,
1475 1544 1580 1593 quod
1613 1556 1723 1593 aquas
1751 1545 1869 1583 veluti

259 1614 392 1645 evocet
416 1605 454 1641 ὃς
483 1601 653 1646 attrahat,
692 1601 729 1637 &
753 1602 794 1636 in
823 1599 1017 1637 sublimius
1043 1599 1164 1635 tollar.
1220 1597 1352 1646 Atque
1379 1610 1479 1636 certe
1505 1598 1567 1636 ista
1592 1611 1773 1648 aquarum
1800 1600 1872 1638 five

260 1660 439 1700 ebullitio
457 1655 529 1695 five
553 1653 759 1702 rarefafflo,
788 1652 859 1693 five
880 1653 1110 1704 conspiratio
1129 1664 1218 1690 eum
1237 1654 1314 1690 alio
1329 1655 1509 1705 quopiam
1529 1667 1689 1707 corpore
1708 1666 1751 1691 ex
1771 1654 1873 1706 supe·
1891 1651 1895 1654 ’

263 1714 438 1761 rioribus,
466 1724 548 1749 non
564 1711 796 1748 incredibilis
811 1710 928 1749 videri
944 1705 1057 1759 possit
1074 1710 1113 1745 in
1129 1707 1313 1745 mediocri
1330 1712 1549 1757 quantitate,
1578 1722 1689 1759 atque
1704 1709 1876 1750 adhibito
1893 1708 1896 1710 ’

264 1763 379 1810 etiam
406 1770 514 1807 bono
539 1767 722 1816 temporis
749 1764 882 1818 spatio,
919 1766 959 1802 in
980 1776 1058 1813 quo
1080 1762 1296 1809 hujusmodi
1323 1774 1493 1803 tumores
1518 1763 1588 1804 five
1614 1776 1814 1814 augmenta
1841 1766 1877 1805 se

267 1827 450 1875 colligere
479 1825 516 1860 ὅ(
540 1822 732 1860 cumulare
756 1817 909 1871 poss'mt.
966 1823 1094 1868 Itaque
1117 1819 1276 1857 excessus
1296 1818 1358 1856 ille
1380 1833 1574 1870 aquarum,
1612 1822 1678 1870 qui
1699 1818 1797 1859 inter
1821 1832 1879 1860 ae-

270 1883 366 1920 stum
397 1878 647 1918 ordinarium,
683 1886 795 1925 atque
829 1874 965 1913 aestum
996 1875 1105 1913 illum
1141 1876 1343 1923 largiorem
1374 1876 1711 1924 semimenstruum,
1753 1887 1815 1915 aut
1845 1890 1879 1914 e—

270 1940 364 1975 tiam
390 1935 500 1971 illum
523 1933 683 1970 alterum
708 1927 1004 1981 profufiffimum
1029 1930 1237 1968 semestrem
1260 1933 1385 1969 notari
1406 1928 1534 1983 possit‚
1571 1943 1659 1969 cum
1688 1943 1756 1968 nee
1777 1934 1884 1971 mole

272 1989 432 2030 excessus
461 1989 559 2025 inter
586 1987 730 2024 fluxum
758 1989 796 2024 ὃς
824 1987 1006 2024 refluxum
1035 1988 1306 2035 aequiparetur,
1344 1997 1455 2035 atque
1484 1987 1615 2024 habeat
1644 1988 1759 2027 etiam
1788 1987 1885 2024 bene

274 2055 460 2095 magnum
488 2043 731 2079 intervallum
759 2043 942 2094 temporis
970 2042 1016 2079 ad
1045 2043 1281 2079 incrementa
1309 2043 1372 2078 illa
1403 2040 1535 2079 sensim
1566 2042 1746 2088 facienda,
1788 2042 1886 2080 nibil

275 2101 408 2140 habeat
434 2099 602 2135 alienum
624 2110 645 2134 a
667 2098 826 2134 ratione.
883 2097 945 2136 Ut
968 2109 1060 2135 vero
1087 2107 1191 2134 tanta
1218 2107 1389 2146 erumpat
1418 2099 1540 2135 moles
1564 2109 1756 2145 aquarum,
1792 2110 1888 2146 quae

277 2154 462 2193 excess'um
490 2154 612 2198 illum,
650 2153 715 2199 qui
738 2153 929 2189 invenitur
949 2154 1048 2189 inter
1066 2151 1188 2201 ipsum
1213 2151 1356 2190 fluxum
1382 2156 1418 2190 &
1444 2152 1639 2198 refluxum,
1679 2151 1802 2199 salvet,
1838 2148 1896 2190 at-'

281 2223 357 2261 que
376 2209 450 2246 hoc
464 2208 527 2245 fiat
549 2217 654 2244 tanta
674 2207 874 2253 eeleritate,
905 2208 1079 2244 videlicet
1104 2207 1160 2244 bis
1180 2208 1220 2243 in
1239 2208 1312 2254 die,
1343 2219 1385 2245 ae
1407 2206 1433 2245 fi
1447 2218 1544 2245 terra
1564 2206 1769 2245 secundum
1789 2209 1892 2245 vani-

283 2275 401 2304 tatem
426 2264 531 2300 illam
551 2259 752 2312 Apollonii
775 2261 980 2311 respiraret,
1009 2273 1121 2310 atque
1143 2273 1254 2310 aquas
1269 2274 1333 2312 per
1356 2261 1513 2313 singulas
1528 2262 1585 2300 sex
1611 2262 1719 2300 horas
1735 2257 1895 2310 efflaret,

286 2333 330 2359 ac
358 2318 496 2356 deinde
526 2316 760 2357 absorberet3
803 2317 1099 2355 incommodum
1128 2319 1349 2355 maximum.
1406 2320 1544 2366 Neque
1575 2327 1771 2355 moveatur
1799 2314 1910 2367 quis-s

290 2377 392 2426 piam
416 2374 488 2410 levi
512 2374 785 2423 experimento,
813 2372 919 2421 quod
940 2374 1044 2424 putei
1059 2372 1238 2410 nonnulli
1262 2375 1302 2409 in
1316 2372 1501 2421 aliquibus
1520 2374 1614 2410 locis
1636 2370 1898 2411 memorentur

293 2427 521 2467 consensum
550 2427 687 2465 habere
712 2439 800 2465 cum
824 2427 927 2465 fluxu
948 2430 987 2465 ὃ(
1012 2427 1154 2465 refluxu
1179 2426 1301 2475 maris,
1337 2428 1439 2465 unde
1465 2427 1637 2478 suspicari
1664 2429 1747 2477 quis
1769 2423 1900 2479 poffit,

294 2496 405 2533 aquas
424 2485 463 2520 in
486 2484 582 2521 cavis
600 2491 722 2520 terrae
743 2482 936 2520 conclusas
958 2480 1127 2520 similiter
1149 2483 1319 2529 ebullire,
1348 2483 1389 2520 in
1413 2495 1492 2532 quo
1512 2483 1597 2521 casu
1616 2494 1746 2521 tumor
1769 2483 1833 2520 illc
1854 2483 1909 2535 ad*¹

296 2548 453 2577 motum
472 2533 747 2589 progreffivum
771 2549 952 2586 aquarum
974 2537 1105 2575 referri
1126 2538 1334 2575 commode
1356 2550 1438 2575 non
1461 2535 1587 2588 poflit.
1643 2539 1772 2576 Facilis
1799 2536 1904 2576 enim

298 2593 350 2632 est
377 2591 580 2641 responsio,
618 2592 720 2643 posse
747 2592 891 2630 fluxum
919 2594 1030 2631 maris
1055 2588 1264 2631 aeceffione
1291 2592 1353 2630 sua
1383 2595 1504 2631 multa
1531 2595 1614 2631 loca
1642 2605 1728 2631 cava
1755 2605 1797 2630 ac
1824 2594 1906 2631 laxa

302 2659 423 2687 terrae
444 2647 619 2685 obturare
647 2658 760 2696 atque
781 2649 947 2698 opplere,
981 2658 1093 2698 atque
1115 2660 1226 2697 aquas
1247 2647 1502 2686 subterraneas
1530 2659 1686 2696 vertere,
1715 2647 1829 2686 etiam
1850 2650 1909 2686 ae-

304 2714 388 2742 rem
408 2701 627 2739 conclusum
647 2703 895 2751 reverberare,
922 2705 987 2752 qui
1002 2703 1095 2741 serie
1108 2705 1329 2741 continuata
1348 2703 1566 2750 hujusmodi
1581 2713 1782 2753 puteorum
1798 2703 1910 2752 aquas

306 2756 499 2796 trudendo
520 2758 694 2794 attollere
719 2754 844 2807 possit.
900 2760 1029 2808 Itaque
1044 2759 1173 2796 hocin
1196 2759 1375 2796 omnibus
1390 2757 1508 2809 puteis
1526 2759 1687 2796 minime
1703 2758 1757 2806 fit,
1785 2756 1855 2795 nee
1869 2759 1912 2796 in

309 2813 441 2851 multis
463 2810 570 2858 adeo,
598 2812 702 2859 quod
721 2812 801 2850 fleri
824 2813 966 2861 debuit,
996 2812 1021 2851 fi
1041 2813 1210 2852 universa
1232 2813 1341 2851 mass'a
1365 2825 1544 2862 aquarum
1563 2823 1736 2850 naturam
1759 2813 1918 2856 haberet,

311 2867 561 2906 ebullientem
583 2878 648 2918 per
670 2867 779 2914 vices,
808 2870 845 2906 ὅ(
869 2880 957 2906 cum
983 2869 1078 2907 aestu
1097 2870 1210 2906 maris
1234 2867 1530 2907 consensionem.
1586 2867 1657 2905 Sed
1679 2878 1811 2906 contra
1829 2865 1922 2908 raroJ

313 2921 524 2960 admodum
545 2920 600 2967 fit,
629 2930 670 2957 ut
684 2919 793 2958 instar
817 2924 986 2961 miraculi
1006 2924 1084 2963 fere
1107 2924 1311 2965 habeatur3
1338 2925 1425 2972 quia
1446 2921 1583 2960 scilicet
1606 2923 1823 2969 hujusmodi
1845 2925 1918 2960 lax-

316 2986 467 3015 amenta
490 2978 528 3014 &
548 2974 737 3026 spiracula,
766 2987 860 3024 quae
882 2990 902 3015 a
921 2977 1039 3028 puteis
1058 2979 1104 3016 ad
1130 2990 1233 3017 mare
1256 2980 1487 3029 pertingunt,
1516 2977 1653 3026 absque
1676 2973 1920 3019 obturatione

318 3033 381 3070 aut
408 3031 686 3081 impedimento
715 3042 801 3067 raro
828 3032 1036 3070 admodum
1066 3035 1318 3071 inveniantur.
1374 3035 1512 3081 Neque
1537 3033 1600 3069 abs
1632 3045 1672 3070 re
1699 3034 1747 3071 est
1774 3045 1923 3077 memo<

318 3097 400 3127 tate
421 3086 528 3136 quod
556 3085 722 3125 referunt
744 3087 937 3135 nonnulli,
972 3086 1011 3125 in
1031 3088 1173 3127 fodinis
1197 3087 1394 3139 profundis
1419 3099 1500 3126 non
1524 3089 1656 3139 procul
1677 3100 1697 3126 a
1717 3089 1812 3126 mari
1835 3084 1920 3131 fitis,

1798 3144 1921 3181 aerem
