1973 3570
205 267 313 314 ET
379 249 911 314 DEMocR1T1
976 246 1642 319 PH1LosoPH1A.

98 370 383 423 respirationem
398 369 527 408 sentiri
541 370 710 419 quodam
724 367 846 407 rnodo
866 367 1138 418 suffocativum,
1153 370 1257 419 quod
1276 382 1296 409 a
1311 371 1435 410 calido
1449 373 1509 411 est.
1565 377 1696 426 Atque

97 424 406 478 haecfi‘propterea
420 425 503 464 >fieri
520 426 624 475 quod
638 427 700 463 aer
720 423 873 470 clausus,
897 422 959 462 sua
974 435 1106 463 natura
1130 427 1187 463 uti
1216 425 1380 476 incipiat,
1409 438 1498 465 cum
1516 432 1576 467 a‘er
1600 432 1697 470 foras

97 476 305 519 &stabiano
320 481 556 530 refrigeretur
574 491 596 517 a
622 479 776 529 frigore,
803 479 908 528 quod
935 480 1073 529 globus
1101 489 1222 518 terrae
1243 492 1428 533 perpetuo
1451 484 1630 523 immittit
1658 490 1696 526 ὅς

95 531 233 589 efflatis
266 537 372 589 Quin
396 536 511 573 etiam
534 535 659 572 aerem
679 532 848 572 nostrum
877 545 1127 573 communem
1159 537 1264 574 tenui
1293 538 1455 585 quadam
1476 540 1696 579 coelestium

94 586 386 640 dot'e2infig11i1·i‚
410 601 498 628 cum
518 589 650 627 habeat
665 587 844 627 nonnihil
865 589 906 626 in
932 588 968 627 se
994 591 1088 628 lucis
1102 607 1116 634 ,-
1159 592 1263 639 quod
1279 604 1322 629 ex
1351 591 1431 631 visu
1456 594 1694 643 animalium,

95 642 190 694 quae
205 642 323 684 'noctu
349 648 385 682 ὅ(
407 644 447 683 in
470 645 563 682 locis
580 643 747 682 obscuris
762 655 917 681 cernere
933 644 1097 696 possunt,
1117 645 1335 684 ostenditur.
1391 647 1523 696 Atque
1546 651 1629 687 talis
1644 652 1694 690 est

94 696 234 750 Telcfio
253 698 506 750 dispositionis
521 700 698 736 materiae
714 698 833 745 series,
867 697 907 735 in
936 700 1071 737 mediis
1085 701 1281 743 videlicet3
1320 700 1503 751 fiquidem
1517 714 1693 753 extrema,

92 755 268 792 videlicet
288 767 330 792 ex
345 756 458 792 altera
477 765 580 805 parte
595 765 755 806 corpora
770 754 862 791 dura
878 756 914 790 ὅ(
930 755 1061 804 rigida,
1077 767 1120 793 ex
1135 757 1259 803 altera,
1282 756 1378 806 ignis
1393 757 1481 809 ipse,
1512 768 1693 808 tanquam

92 809 247 861 ter'm'mi
263 810 478 847 mediorum
493 822 576 846 non
592 808 842 847 recensentur.
882 809 954 847 Sed
969 822 1112 861 praeter
1126 811 1237 848 hosce
1251 813 1386 861 gradus
1401 811 1582 865 simplices
1593 818 1694 865 mag-¹

91 863 180 909 narn
196 875 399 916 aucupatur
413 862 662 902 diversitatem
684 866 724 902 in
743 862 987 915 dispositione
1017 867 1193 904 materiae
1222 879 1265 903 ex
1293 879 1454 917 corpore
1475 866 1625 908 similari
1655 873 1693 909 ὅ(

85 915 316 967 diffimilari,
349 932 437 957 cum
459 919 598 956 scilicet
622 921 816 971 portiones
840 921 1015 958 materiae
1048 922 1089 959 in
1109 933 1190 959 uno
1214 933 1370 972 corpore
1396 923 1626 973 compofitae
1655 927 1694 964 ὃς

90 975 333 1024 coadunatae,
350 976 409 1012 vel
428 975 472 1012 ad
495 985 616 1011 unum
640 987 684 1012 ex
712 975 887 1025 gradibus
917 975 1131 1027 supradid'tis
1152 979 1356 1026 aequaliter
1378 978 1507 1015 referri
1527 980 1690 1031 possunt,

91 1026 212 1068 vel¹¹³ad
235 1029 376 1067 diversa
396 1029 598 1080 impariter.
656 1031 789 1080 Longe
804 1028 906 1067 enim
922 1032 1128 1068 maximam
1155 1031 1242 1069 inde
1266 1031 1368 1080 sequi
1397 1035 1436 1070 in
1467 1035 1690 1085 operatione

91 1086 226 1123 caloris
236 1084 505 1123 differentiam.
562 1086 690 1134 Itaque
705 1095 877 1134 quartam
898 1086 1003 1123 illam
1031 1085 1287 1124 differentiam
1305 1088 1507 1126 necessario
1525 1089 1690 1129 adhiberi

90 1152 134 1178 ex
154 1151 285 1178 natura
305 1152 346 1177 ac
368 1142 481 1177 etiam
497 1137 660 1189 positura
674 1141 855 1192 corporis,
884 1141 925 1177 in
949 1140 1053 1190 quod
1076 1141 1178 1178 calor
1198 1152 1292 1191 agat,
1321 1142 1440 1180 clausa
1464 1154 1526 1182 aut
1553 1145 1690 1195 porosa

93 1197 130 1232 ὃ(
146 1205 280 1247 aperta.
338 1194 504 1245 Quando
527 1193 629 1232 enim
649 1196 690 1231 in
707 1205 831 1246 aperta
856 1197 893 1233 <Sc
914 1193 1074 1245 exposita
1093 1206 1269 1248 operatur
1296 1197 1411 1243 calor,
1438 1210 1614 1248 operatur
1640 1200 1690 1238 se-

33 1251 35 1254 ⁴
88 1251 214 1288 riatim
231 1252 268 1287 &
282 1262 348 1301 per
366 1248 518 1299 singula,
535 1250 767 1286 attenuando
787 1252 824 1288 ὅ(
843 1247 950 1288 simul
971 1250 1170 1288 educendo
1185 1252 1222 1289 ὅ(
1237 1250 1452 1302 separando.⁴
1513 1255 1619 1291 Cum
1630 1267 1689 1293 ve-

89 1317 134 1343 ro
149 1307 191 1342 in
206 1304 356 1342 vocclusa
372 1307 408 1341 δε
423 1304 627 1353 compasta,
649 1314 822 1354 operatur
838 1304 1044 1343 secundum
1073 1315 1214 1351 totum,
1235 1308 1273 1343 ὅ(
1295 1306 1502 1345 secundum
1519 1309 1687 1358 massam,

88 1361 193 1398 nulla
201 1359 294 1397 fasta
304 1360 440 1405 jactura
456 1360 602 1405 caloris,
619 1358 681 1397 sed
695 1361 818 1397 calore
829 1372 933 1398 novo
950 1362 986 1398 ὅ(
1001 1370 1125 1398 vetere
1142 1360 1177 1398 se
1192 1362 1511 1411 conjungentibus
1526 1366 1563 1400 ὃς
1578 1362 1689 1413 plane

88 1414 413 1465 conspirantibus3
443 1414 543 1451 unde
561 1413 601 1451 fit
617 1425 658 1452 ut
677 1416 912 1464 potentiores
937 1417 973 1452 ὃ(
999 1417 1115 1465 magis
1131 1415 1348 1454 intrinsecas
1365 1418 1400 1455 &
1426 1416 1618 1467 exquisitas
1640 1422 1689 1457 al-

87 1469 289 1508 terationes
314 1472 352 1507 δε
374 1468 606 1508 subaCtiones
639 1468 824 1512 conficiat.
883 1470 1031 1509 Verum
1066 1471 1113 1508 de
1151 1471 1226 1509 hoc
1250 1472 1355 1520 plura
1382 1485 1474 1510 mox
1502 1474 1688 1523 dicentur,

87 1525 239 1564 cumde
252 1525 374 1562 modo
389 1524 613 1561 subafflonis
633 1524 860 1562 differemus.
920 1525 991 1562 Sed
1002 1524 1155 1562 interim
1171 1525 1299 1575 satagit
1315 1529 1353 1563 &
1371 1527 1506 1566 aestuat
1522 1525 1689 1580 Telefius

85 1576 129 1618 ³&
141 1574 385 1617 miris'modis
400 1578 622 1629 implicatur,
647 1590 690 1617 ut
709 1579 877 1631 expediat
898 1579 1060 1619 modum
1080 1580 1233 1618 divortii
1259 1583 1294 1620 ὅ(
1311 1580 1552 1633 separationis
1569 1586 1686 1633 quali-

86 1645 210 1673 tatum
232 1635 382 1672 suatum
397 1637 603 1685 primarum
619 1636 933 1682 connaturalium,
962 1635 1106 1683 caloris,
1131 1636 1234 1683 lucis,
1255 1638 1459 1684 tenuitatis,
1497 1640 1535 1676 &
1563 1634 1686 1678 mobi-

86 1690 214 1738 litatis,
237 1702 280 1727 ac
293 1688 549 1738 quaternionis
565 1688 754 1739 oppositae
782 1700 896 1740 prout
925 1691 1147 1742 corporibus
1172 1690 1368 1729 accidunt:
1411 1704 1500 1730 cum
1527 1705 1687 1746 corpora

89 1744 414 1785 alia'inveniantur
428 1746 558 1791 calida,
583 1756 645 1782 aut
664 1746 710 1782 ad
732 1747 900 1783 calorem
923 1745 1069 1797 optime
1089 1757 1312 1796 praeparata,
1338 1746 1399 1784 sed
1425 1747 1557 1785 eadem
1584 1751 1686 1788 inve-

89 1803 242 1838 niantur
264 1813 417 1849 quoque
443 1800 566 1847 densa,
585 1801 723 1849 quieta,
748 1801 852 1850 nigra
868 1817 881 1843 ‚·
913 1803 982 1838 alia
999 1801 1138 1848 tenuia,
1155 1802 1325 1848 mobilia,
1351 1803 1473 1840 lueida
1492 1801 1563 1841 five
1589 1805 1683 1852 alba,

89 1855 150 1893 sed
166 1866 294 1892 tamen
308 1854 442 1904 frigida
457 1872 471 1898 ‚-
502 1853 720 1892 &fimiliter
748 1855 795 1893 de
823 1857 988 1903 caeteris,
1009 1868 1083 1893 una
1101 1856 1272 1906 quapiam
1302 1858 1479 1905 qualitate
1509 1859 1549 1895 in
1578 1860 1688 1898 rebus

84 1911 275 1958 existente,
295 1911 448 1958 reliquis
462 1922 544 1948 non
559 1911 888 1962 competentibu33
926 1913 997 1948 alia
1011 1923 1102 1949 vero
1122 1911 1264 1949 duabus
1293 1911 1422 1949 existis
1445 1912 1585 1951 naturis
1605 1926 1686 1964 par-

87 1967 258 2018 ticipent,
282 1965 423 2003 duabus
444 1975 578 2002 contra
591 1966 797 2015 priventur,
830 1968 927 2004 varia
955 1967 1162 2004 admodum
1179 1968 1457 2017 permutatione
1481 1970 1519 2005 ὅ(
1534 1969 1686 2007 consor-

88 2022 166 2059 tio.‘
214 2022 301 2073 Qa
324 2020 363 2057 in
378 2030 480 2070 parte
497 2015 661 2070 Telefius
686 2033 767 2059 non
791 2021 999 2059 admodum
1027 2020 1184 2059 feliciter
1206 2022 1454 2074 perfungitur,
1489 2022 1551 2061 sed
1575 2036 1685 2062 more

87 2075 383 2114 adversariorum
400 2074 554 2113 suorum
569 2075 606 2112 se
619 2077 736 2125 gerit3
765 2078 831 2124 qui
855 2089 943 2114 cum
958 2078 1058 2126 prius
1082 2075 1283 2126 opinantur
1303 2089 1417 2127 quam
1432 2079 1685 2130 experiuntur,

89 2130 153 2169 ubi
180 2131 224 2168 ad
241 2143 296 2168 res
310 2131 547 2180 particulares
566 2141 723 2169 ventum
746 2131 806 2178 est,
834 2133 991 2182 ingenio
1021 2134 1057 2169 ὅ(
1081 2132 1190 2170 rebus
1215 2133 1430 2180 abutuntur,
1460 2144 1573 2182 atque
1606 2145 1686 2172 tam

88 2187 285 2237 ingenium
301 2197 415 2234 quam
430 2198 486 2223 res
499 2183 632 2223 misere
647 2187 809 2224 lacerant
825 2189 861 2224 &
876 2195 1079 2235 torquent3
1110 2189 1147 2224 ὅ(
1172 2197 1301 2225 tamen
1316 2189 1450 2225 alacres
1475 2190 1513 2225 &
1541 2186 1580 2235 (si
1603 2187 1686 2239 ipsis

86 2238 231 2289 credas)
251 2242 420 2288 vi&ores,
446 2240 513 2278 suo
528 2240 633 2278 sensu
649 2252 839 2291 utcunque
855 2242 1057 2280 abundant.
1116 2242 1328 2280 Concludit
1357 2253 1483 2280 autem
1512 2254 1592 2280 rem
1617 2256 1686 2296 per

90 2296 403 2346 desperationem,
434 2299 470 2333 ὅ(
493 2306 641 2343 votum,
665 2296 759 2333 illud
786 2294 1004 2346 significans,
1032 2298 1119 2333 licet
1147 2300 1185 2334 ὅ(
1210 2297 1342 2334 caloris
1363 2299 1416 2334 vis
1445 2299 1481 2334 ὅς
1510 2299 1629 2349 copia,
1647 2301 1685 2336 ὅ(

90 2353 266 2389 materiae
281 2349 473 2401 dispositio
490 2351 605 2388 craffo
626 2351 747 2388 modo
762 2353 798 2388 δε
812 2350 1017 2388 secundum
1040 2351 1200 2388 summas
1229 2350 1402 2401 distingui
1432 2354 1469 2389 ὅ(
1487 2353 1682 2391 terminari

88 2403 231 2457 posiint
246 2420 256 2446 3
282 2416 412 2444 tamen
427 2407 565 2444 exactas
581 2408 617 2443 &
642 2416 822 2443 accuratas
847 2418 981 2444 eorum
1004 2408 1177 2452 rationes,
1194 2408 1231 2443 &
1247 2406 1440 2443 distinctos
1452 2408 1488 2443 &
1503 2417 1684 2456 tanquam

89 2461 322 2500 mensuratos
344 2462 490 2508 modos,
506 2472 605 2499 extra
624 2459 873 2510 inquisitionis
888 2461 1073 2499 humanae
1096 2462 1214 2498 aditus
1244 2455 1418 2510 sepositos
1432 2461 1528 2504 effe;
1569 2464 1620 2500 ita
1634 2473 1686 2501 ta*

91 2528 194 2564 men,
209 2527 251 2554 ut
283 2515 379 2567 (quo
400 2517 520 2554 modo
534 2518 633 2554 inter
648 2511 907 2568 impoflibilia)
932 2514 1115 2554 diversitas
1128 2513 1378 2568 dispositionis
1398 2519 1586 2565 materiae,
1607 2530 1686 2555 me·

89 2573 288 2620 nusquam
303 2573 435 2609 caloris
449 2573 545 2608 vires
561 2574 598 2609 &
612 2572 758 2621 gradus,
786 2570 940 2624 perspici
969 2568 1083 2621 poflit
1101 2584 1112 2612 3
1155 2581 1267 2620 atque
1289 2569 1536 2609 nihilominus
1561 2574 1602 2610 in
1627 2573 1686 2611 his

34 2628 35 2631 ’
90 2623 172 2680 ipsis
212 2625 256 2674 (si
278 2639 351 2675 qua
377 2626 451 2664 fata
490 2624 626 2675 sinant)
658 2626 842 2665 humanae
872 2629 907 2663 &
937 2625 1108 2663 scientiae
1148 2627 1186 2662 &
1208 2627 1401 2677 potentiae
1433 2625 1619 2677 fastigium
1648 2630 1687 2666 δε

91 2680 242 2720 culmen
259 2682 338 2719 ess'e.
396 2682 594 2730 Postquam
619 2691 747 2719 autem
771 2681 1070 2733 desperationem
1091 2681 1202 2731 plane
1222 2680 1400 2734 professus
1425 2681 1524 2730 effer,
1553 2692 1682 2720 tamen

91 2739 133 2774 in
146 2739 233 2775 vora
248 2736 447 2789 precesque
462 2749 542 2774 non
557 2735 678 2774 cessat.
733 2737 788 2774 Ita
803 2738 907 2774 enim
922 2737 1014 2773 dixit
1035 2750 1043 2772 ε
1084 2737 1150 2784 qui
1173 2748 1290 2786 porro
1303 2739 1407 2773 calor
1425 2738 1485 2774 vel
1510 2748 1683 2785 quantus,

91 2791 173 2829 hoc*
195 2790 259 2839 est,
288 2792 392 2840 quod
427 2793 560 2829 caloris
588 2791 717 2839 robur,
756 2794 793 2829 &
821 2803 915 2839 quae
940 2792 1016 2837 ejus
1050 2792 1171 2843 copia,
1197 2803 1313 2839 quam
1344 2801 1483 2829 terram
1523 2795 1560 2829 ὅ(
1588 2804 1682 2841 quae

93 2845 192 2884 entia
230 2848 270 2883 in
310 2846 430 2895 qualia
473 2848 644 2892 invertat,
692 2847 853 2883 minime
889 2846 1159 2893 inquirendum
1194 2845 1350 2894 videtur,
1389 2856 1432 2884 ut
1472 2846 1576 2896 quod
1615 2846 1682 2882 ho-

92 2896 186 2938 mini
210 2903 313 2938 nulla
343 2902 401 2952 (ut
429 2903 539 2939 nobis
562 2899 724 2951 videtur)
759 2900 994 2939 innotescere
1030 2911 1141 2950 queat
1173 2900 1328 2939 ratione.
1383 2903 1461 2953 Qii
1489 2902 1593 2938 enim
1620 2899 1681 2939 vel

93 2952 225 2993 caloris
240 2958 352 3003 vii-cs,
382 2960 417 2993 δε
446 2959 613 2994 calorem
629 2955 752 3007 ipsum
775 2957 890 2993 veluti
915 2954 953 2992 in
981 2956 1114 3005 gradus
1145 2957 1287 3007 partiri,
1315 2956 1375 2993 vel
1405 2957 1590 3001 materiae,
1621 2953 1681 2992 cui

92 3009 230 3048 inditus
253 3011 312 3057 cst,
343 3011 490 3064 copiam
510 3012 833 3059 quantitatemque
853 3010 1021 3048 distineie
1038 3009 1238 3060 percipere,
1268 3014 1305 3048 ὃ(
1323 3012 1431 3048 certis
1457 3010 1681 3047 determina-

96 3065 213 3114 tisque
249 3068 381 3104 caloris
424 3066 559 3104 viribus
604 3067 819 3117 copiaeque,
861 3076 1003 3102 certam
1043 3064 1220 3103 materiae
1267 3067 1526 3115 quantitatem,
1560 3064 1682 3114 dispo'-

95 3118 355 3168 amnemque,
383 3120 571 3171 certasque
609 3122 783 3168 affiones,
821 3130 885 3158 aut
920 3130 1059 3167 centra,
1098 3131 1222 3158 certae
1256 3120 1434 3158 materiae
1466 3120 1679 3165 quantitati,

95 3174 279 3224 certisque
305 3173 522 3225 actionibus,
553 3186 692 3214 certam
716 3176 1079 3225 determinatamque
1105 3177 1240 3214 caloris
1266 3175 1416 3224 copiam
1437 3169 1617 3223 affignare
1638 3174 1679 3209 li-

1576 3230 1678 3264 ceat?

1769 273 1868 339 sss
