1973 3570
246 209 338 254 DE
385 205 1120 257 INTERPRETATIONE
1164 211 1544 260 NATURAE.

107 319 238 346 teram·
257 320 275 345 a
306 308 491 357 principio
519 306 672 344 arduam
705 308 743 345 δε
771 306 980 357 suspensam
1005 308 1044 344 in
1072 309 1182 358 plana
1208 305 1384 344 definere.
1443 308 1575 347 Visum
1601 311 1648 349 est
1669 310 1713 360 ei,

106 366 219 401 talem
234 362 462 400 indu-stionis
483 361 648 399 formam
677 361 878 409 introduci,
907 374 1000 412 quac
1030 375 1072 399 ex
1096 363 1278 413 aliquibus
1302 364 1528 411 generaliter
1561 368 1714 405 conclu—

105 420 189 460 dat3
216 417 265 455 ita
281 429 321 455 ut
341 416 549 455 instantiam
570 417 902 455 contradictoriam
927 416 1086 454 inveniri
1101 429 1182 454 non
1211 417 1311 466 posse
1339 417 1634 457 demonstretur:
1663 435 1712 459 ne

102 473 203 512 sorte
226 472 430 510 secundum
446 473 618 523 pauciora
639 484 753 520 quam
782 484 844 523 par
872 470 932 516 est,
963 470 1001 507 &
1027 484 1070 509 ex
1094 471 1137 508 iis
1166 484 1259 522 quae
1279 470 1421 521 praesto
1437 472 1520 510 sunt
1549 486 1713 523 pronun-

105 527 256 573 ciemus,
300 530 336 564 ὃ(
361 527 478 575 (quod
508 539 603 563 unus
631 539 674 563 cx
702 526 862 578 antiquis
890 525 995 573 dixit)
1022 526 1213 563 scientiam
1237 529 1277 564 in
1301 528 1454 564 mundis
1482 531 1641 580 propriis
1676 533 1712 567 ὅ(

105 596 185 620 non
214 584 253 619 in
274 583 421 620 mundo
448 583 647 618 communi
662 593 890 629 quaeramus.
948 579 1080 619 Visum
1110 581 1158 618 est
1190 583 1237 628 ei,
1268 594 1351 618 cam
1365 592 1513 619 tantum
1543 596 1712 634 compre-

109 636 329 675 hcnfiouem
352 635 501 688 probari
526 637 562 672 ὅ(
587 637 714 685 recipi,
744 648 838 684 quae
865 648 946 673 non
968 636 1012 672 ad
1034 635 1247 673 mensuram
1261 637 1351 673 facta
1370 635 1422 684 sit,
1446 640 1480 674 ὅ(
1497 649 1616 687 aptata
1636 651 1712 687 par-

103 692 316 730 ticularium
345 704 388 729 ex
416 691 549 740 quibus
569 689 734 728 elicitur:
766 690 824 728 sed
848 692 1011 740 amplior
1035 702 1099 728 aut
1127 690 1237 728 latior
1266 690 1319 738 sit,
1358 704 1515 743 eamque
1538 695 1710 742 amplitu-

103 749 230 784 dinem
248 745 316 784 sive
332 745 567 783 latitudinem
581 745 684 783 suam
713 758 755 783 ex
789 758 981 784 novorum
1011 745 1288 797 particularium
1317 744 1586 796 designatione,
1614 748 1712 799 quali

102 798 337 847 fidejussione
365 801 525 849 quadam
553 799 689 838 firmet.
748 803 811 839 Ne
843 802 900 838 vel
931 803 970 837 in
995 802 1068 845 jam
1099 800 1198 838 notis
1225 811 1373 839 tantum
1401 802 1629 849 haereamus,
1650 804 1709 840 vel.

105 856 242 894 laxiore
271 856 417 894 sortall'e
445 856 646 905 complexu
667 856 817 893 umbras
853 858 889 893 ὃς
915 856 1054 893 formas
1081 857 1268 894 abstrac‘tas
1290 856 1516 908 prensemus.
1574 857 1711 895 Visum

103 913 151 949 est
170 911 214 958 ci,
244 914 362 950 multa
385 922 527 963 praeter
551 911 639 947 haec
654 910 825 958 inveniri,
854 923 946 962 quae
958 923 1038 948 non
1053 921 1131 948 tam
1147 912 1192 948 ad
1212 911 1483 963 perfectionem
1500 914 1566 959 rei,
1595 924 1711 961 quam

101 968 146 1004 ad
171 969 294 1016 operis
322 967 607 1018 compendium,
636 977 678 1003 ac
701 968 815 1002 etiam
842 967 888 1003 ad
906 966 1059 1003 mess'em
1086 967 1290 1003 humanam
1318 967 1406 1003 inde
1431 968 1710 1004 accelerandam

102 1020 289 1071 insigniter
306 1021 452 1058 saciant.
509 1023 615 1073 Quae
635 1023 765 1058 omnia
788 1031 915 1058 utrum
940 1022 1034 1058 recte
1057 1021 1218 1070 cogitata
1234 1019 1302 1058 lint
1323 1034 1369 1058 an
1386 1021 1497 1069 secus,
1527 1023 1572 1059 ab
1588 1024 1709 1074 opini-

102 1079 238 1114 onibus
255 1075 294 1124 (ss
309 1089 401 1126 opus
416 1073 476 1124 sit)
505 1076 786 1125 provocandum
803 1074 841 1111 δε
857 1075 996 1112 effeffis
1010 1075 1191 1113 standum.

158 1133 434 1169 COGITAvlT
470 1133 507 1167 ὅ(
527 1129 632 1176 illud,
661 1142 754 1177 rem,
784 1142 898 1178 quam
927 1129 1014 1179 agit,
1044 1143 1125 1168 non
1152 1130 1387 1182 opinionem,
1417 1131 1477 1169 sed
1507 1145 1600 1183 opus
1627 1132 1710 1181 effe,

101 1199 260 1236 eamque
283 1199 364 1224 non
387 1185 501 1223 sertae
523 1186 677 1230 alicujus
694 1196 757 1222 aut
775 1183 914 1236 placiti,
943 1185 1004 1222 sed
1029 1186 1199 1222 utilitatis
1223 1188 1260 1222 ὅ(
1275 1186 1529 1235 amplitudinis
1548 1186 1709 1224 immen-

106 1243 162 1280 sae
177 1242 422 1279 fundamenta
443 1241 571 1285 jacere.
629 1241 754 1288 ltaque
780 1240 826 1276 de
856 1251 894 1276 re
909 1252 990 1277 non
1006 1241 1126 1277 modo
1142 1239 1374 1289 perficienda,
1405 1241 1465 1278 sed
1487 1243 1523 1278 ὅ(
1538 1253 1709 1279 commu-

101 1297 260 1334 nicanda
272 1299 306 1333 ὅ(
319 1295 495 1333 tradenda
508 1295 593 1343 (qua
608 1306 672 1344 par
683 1295 731 1331 est
744 1295 843 1341 cura)
862 1296 1138 1344 cogitationem
1152 1294 1419 1345 suscipiendam
1429 1296 1509 1333 effe.
1554 1298 1709 1347 Repetit

99 1363 238 1398 autem,
254 1351 428 1389 homines
442 1351 481 1386 in
493 1361 615 1386 retum
631 1349 793 1396 scientia,
817 1348 929 1401 quam
944 1348 1008 1387 sibi
1031 1350 1204 1388 videntur
1227 1349 1360 1400 adepti,
1381 1350 1571 1389 interdum
1586 1351 1708 1402 profe-

100 1407 225 1454 renda,
246 1406 439 1443 interdum
451 1405 683 1451 occultanda,
704 1405 825 1442 famae
845 1407 882 1442 &
895 1404 1132 1443 ostentationi
1149 1405 1301 1443 servire:
1331 1407 1423 1454 quin
1436 1409 1472 1443 δε
1487 1419 1551 1443 eos
1565 1402 1707 1456 potifli·

101 1474 222 1509 mum,
236 1463 301 1510 qui
317 1463 442 1498 minus
460 1459 575 1497 solida
587 1470 820 1511 proponunt,
845 1459 963 1497 solere
983 1472 1025 1497 ea
1040 1473 1132 1508 quae
1147 1461 1334 1507 adferunt,
1363 1461 1518 1498 obscura
1535 1462 1571 1498 ὃ(
1592 1460 1706 1498 ambi-

99 1530 172 1566 gua
181 1518 263 1555 luce
272 1516 475 1562 venditare,
487 1525 527 1552 ut
537 1515 678 1552 facilius
687 1514 838 1551 vanitati
852 1514 933 1551 suae
948 1515 1130 1553 velificare
1139 1528 1188 1566 po
1194 1513 1291 1552 ssint.
1330 1517 1464 1553 Putate
1475 1526 1611 1562 autem,
1624 1515 1659 1552 se
1670 1516 1707 1553 id

100 1573 266 1619 tractare,
283 1572 387 1620 quod
403 1570 608 1608 ambitione
623 1570 743 1618 aliqua
757 1580 820 1607 aut
841 1569 1074 1607 affeci-atione
1090 1572 1259 1620 polluere
1279 1568 1439 1607 minime
1458 1571 1618 1620 dignum
1641 1569 1707 1608 fit:

100 1627 162 1665 sed
172 1637 299 1665 tamen
314 1625 509 1665 neceffario
524 1637 572 1662 eo
592 1625 868 1662 decurrendum
883 1624 953 1662 effe
971 1623 1050 1672 (nisi
1065 1626 1162 1662 forte
1177 1636 1298 1663 rerum
1315 1628 1352 1663 ὃ(
1367 1627 1586 1670 animorum
1601 1626 1707 1663 valde

101 1681 290 1734 imperitus
313 1682 411 1728 effer,
440 1683 476 1718 δ(
492 1679 639 1730 prorsus
655 1680 892 1729 inexplorato
907 1683 1006 1717 viam
1035 1679 1130 1717 inire
1150 1681 1275 1728 vellet>
1300 1690 1342 1717 ut
1370 1680 1453 1718 satis
1472 1682 1705 1728 meminerit,

100 1741 324 1776 inveteratos
334 1737 476 1785 semper
483 1745 823 1783 errores,tanquam
840 1734 1406 1785 phreneticorumdeliramenta,
1417 1745 1492 1773 arte
1503 1736 1706 1785 &ingenio

100 1790 271 1838 subverti,
293 1792 329 1830 vi
344 1790 635 1829 &contentione
644 1789 801 1827 efferari.
832 1792 958 1839 ltaque
973 1791 1171 1840 prudentia
1185 1803 1226 1827 ac
1237 1792 1534 1840 morigeratione
1544 1790 1705 1839 quadam

101 1847 287 1885 utendum
320 1846 475 1896 (quanta
503 1858 589 1883 cum
618 1844 848 1895 simplicitate
884 1848 921 1883 ὃς
944 1846 1106 1883 candore
1135 1846 1317 1895 conjungi
1341 1846 1471 1895 potest)
1503 1856 1544 1882 ut
1559 1856 1705 1882 contra-

101 1902 282 1941 dictiones
300 1913 385 1939 ante
404 1900 664 1950 extinguantur
684 1913 797 1952 quam
818 1903 1036 1939 excitentur.
1093 1901 1157 1937 Ad
1187 1901 1287 1937 hunc
1307 1900 1423 1938 finem
1450 1908 1573 1951 parare
1598 1899 1632 1937 se
1658 1901 1705 1937 de

101 1969 234 1996 natura
248 1969 353 2009 opus,
378 1957 483 2008 quod
509 1968 651 1993 errores
673 1958 832 1992 minima
853 1954 1043 2008 asperitate
1067 1956 1262 2002 destruere,
1292 1958 1328 1993 δε
1348 1956 1393 1993 ad
1408 1955 1613 1993 hominum
1627 1954 1706 1992 scn-

102 2014 161 2052 sus
176 2025 256 2050 non
276 2011 422 2050 turbide
436 2013 607 2049 accedere
621 2007 753 2062 poffit:
782 2012 886 2059 quod
903 2015 939 2048 ὃ(
967 2012 1111 2048 facilius
1140 2011 1234 2057 fore,
1260 2010 1363 2062 quod
1380 2011 1415 2048 se
1430 2023 1509 2048 non
1526 2023 1597 2060 pro
1611 2010 1706 2047 duee

101 2069 276 2119 gesturuS,
305 2067 365 2104 sed
381 2080 424 2104 ex
449 2077 577 2103 natura
605 2065 679 2115 ipsa
706 2067 829 2104 lucem
852 2065 1078 2118 praebiturus
1099 2069 1136 2103 ὅ(
1166 2066 1349 2116 sparsurus
1372 2064 1425 2113 sit,
1455 2077 1495 2103 ut
1524 2066 1618 2103 duce
1641 2077 1706 2116 po-

101 2124 172 2162 stea
191 2135 272 2160 non
295 2121 337 2160 fit
362 2134 466 2172 opus.
525 2121 596 2158 Sed
623 2133 710 2158 cum
739 2132 886 2171 tempus
915 2123 1055 2158 interea
1074 2119 1201 2170 fugiat,
1234 2123 1270 2157 &
1299 2121 1374 2170 ipse
1403 2121 1510 2158 rebus
1538 2118 1708 2158 civilibus

101 2181 196 2232 pluS‚
225 2190 340 2227 quam
353 2178 478 2223 vellet,
508 2176 689 2213 immistus
709 2177 804 2223 esset,
833 2177 871 2213 id
901 2178 1062 2226 longum
1077 2175 1212 2214 videri:
1243 2176 1455 2227 praesertim
1487 2173 1706 2212 eumincer-

102 2245 141 2271 ta
167 2233 262 2271 vitae
290 2234 470 2282 cogitaret
495 2234 531 2269 ὃ(
554 2230 693 2280 aliquid
721 2233 760 2269 in
777 2241 862 2268 tuto
881 2233 1069 2268 collocare
1084 2231 1274 2268 festinaret.
1331 2229 1447 2269 Venit
1476 2229 1508 2266 ei
1528 2232 1651 2280 itaque
1666 2228 1706 2266 in

103 2298 286 2335 mentem,
314 2288 413 2340 poss'e
429 2285 567 2335 aliquid
580 2284 780 2338 simplicius
794 2288 972 2338 proponi,
1000 2286 1104 2334 quod
1133 2288 1173 2322 in
1202 2287 1332 2334 vulgus
1347 2298 1427 2322 non
1456 2285 1613 2331 editum,
1641 2283 1705 2320 sal-

103 2354 184 2381 tem
206 2354 333 2380 tamen
359 2343 405 2380 ad
430 2343 480 2379 rei
507 2353 583 2379 tam
608 2340 770 2379 salutaris
790 2342 964 2378 abortum
993 2340 1197 2376 arcendum
1221 2340 1301 2376 satis
1315 2339 1460 2377 forraffe
1489 2339 1558 2376 ess'e
1577 2334 1703 2391 poffin

102 2397 233 2450 Atque
251 2399 315 2435 diu
332 2400 368 2435 &
390 2399 522 2434 acriter
547 2408 626 2433 rem
642 2397 825 2446 cogitanti
854 2398 890 2432 &
918 2395 1175 2446 perpendenti,
1205 2405 1291 2432 ante
1304 2396 1435 2432 omnia
1448 2393 1567 2433 visum
1583 2394 1630 2431 est
1658 2392 1705 2441 ei,

102 2455 245 2491 tabulas
270 2452 496 2499 inveniendi,
522 2450 592 2489 five
620 2453 809 2501 legitimae
834 2448 1083 2501 inquisitionis
1105 2449 1298 2496 formulas,
1325 2449 1399 2487 hoc
1413 2449 1473 2496 est,
1503 2450 1702 2486 materiem

103 2510 381 2561 particularium
409 2508 454 2544 ad
478 2519 570 2558 opus
598 2507 809 2543 intellectus
837 2506 1060 2551 ordinatam,
1092 2505 1130 2541 in
1148 2503 1330 2552 aliquibus
1346 2504 1513 2550 subjectis
1528 2502 1706 2556 proponi,

103 2576 281 2613 tanquam
311 2563 355 2600 ad
382 2564 607 2612 exemplum,
636 2564 672 2598 ὅ(
697 2563 816 2613 operis
836 2559 1127 2610 descriptionem
1156 2559 1233 2596 fere
1265 2558 1452 2597 visibilem.
1509 2560 1647 2608 Neque
1671 2571 1705 2595 c-

104 2621 189 2656 nim
201 2617 300 2656 aliud
323 2619 522 2669 quicquam
552 2615 712 2666 reperiri,
739 2616 842 2668 quod
862 2625 925 2652 aut
940 2627 1022 2652 vera
1047 2613 1136 2661 viae,
1160 2624 1222 2651 aut
1238 2626 1406 2652 errorum
1433 2614 1540 2653 devia
1567 2613 1608 2651 in
1637 2614 1705 2651 cla·

103 2673 203 2711 tiore
221 2674 303 2711 luce
318 2685 476 2724 ponere3
506 2681 568 2708 aut
583 2684 624 2708 ea
644 2683 737 2721 quae
757 2668 964 2708 afferuntur
986 2668 1080 2706 nihil
1104 2667 1227 2705 minus
1250 2681 1362 2717 quam
1386 2670 1496 2707 verba
1525 2668 1605 2716 effe,
1637 2667 1706 2706 evi-

105 2730 253 2766 dentius
267 2728 519 2766 demonstrare
530 2723 661 2777 pofl'lt:
690 2739 812 2777 neque
827 2727 939 2762 etiam
956 2724 1061 2772 quod
1077 2726 1192 2773 magis
1215 2720 1435 2774 fugiendum
1452 2723 1550 2771 ess'et,
1579 2724 1624 2760 ab
1639 2723 1706 2760 ho-

106 2786 222 2830 mine,
250 2782 313 2834 qui
341 2793 403 2819 aut
429 2781 479 2819 rei
500 2778 685 2818 diffideret
705 2792 769 2818 aut
792 2792 875 2818 eam
896 2781 936 2816 in
965 2780 1080 2823 majus
1107 2777 1218 2829 accipi
1249 2785 1310 2816 aut
1339 2778 1514 2817 celebrari
1542 2788 1703 2827 cuperet.

107 2838 200 2875 Pieri
215 2849 340 2875 autem
368 2837 466 2886 poffe
486 2847 531 2890 ut!
551 2834 575 2872 si
599 2835 772 2874 destinata
788 2834 962 2885 perficere
980 2846 1060 2871 non
1076 2834 1196 2881 detur,
1223 2844 1265 2871 ut
1290 2833 1373 2872 sunt
1391 2835 1554 2872 humana
1576 2844 1705 2869 tamen

107 2895 257 2942 ingenia
283 2893 448 2930 firmiora
464 2895 499 2930 &
524 2891 751 2938 sublimiora,
787 2889 898 2927 etiam
928 2889 1064 2937 absque
1089 2887 1293 2934 majoribus
1319 2885 1473 2933 auxiliis,
1504 2889 1548 2924 ab
1571 2886 1706 2923 obl-atis

108 2947 264 2994 monita,
294 2949 433 2998 reliqua
452 2960 494 2984 cx
515 2946 550 2983 sc
571 2949 607 2982 ἃ
636 2945 776 2994 sperare
799 2947 836 2982 ὃς
864 2943 972 2995 potiri
993 2939 1144 2993 polliiit.
1202 2945 1289 2980 Fere
1312 2947 1414 2981 enim
1437 2943 1470 2980 se
1499 2944 1538 2978 in
1566 2953 1608 2977 ea
1635 2940 1705 2978 esse

109 3000 300 3051 opinione,
330 3014 465 3052 nempe
490 3001 609 3050 (quod
634 2999 815 3051 quispiam
830 2998 933 3046 dixit)
960 2999 1206 3050 prudentibus
1221 2999 1311 3036 haec
1332 2999 1413 3036 satis
1446 2998 1540 3042 fore,
1568 2995 1704 3047 impru-

108 3057 280 3094 dentibus
307 3066 433 3093 autem
462 3070 509 3094 ne
529 3057 632 3105 plura
647 3056 813 3103 quidem.
870 3052 1002 3091 Visum
1031 3053 1079 3090 est
1099 3063 1236 3101 autem,
1264 3055 1376 3091 nimis
1401 3053 1600 3100 abruptum
1624 3050 1706 3097 effe,-

109 3123 151 3149 ut
178 3123 199 3147 a
225 3109 358 3148 tabulis
376 3110 454 3162 ipsis
475 3111 637 3149 docendi
661 3109 811 3149 initium
840 3106 1015 3146 sumatur.
1072 3110 1198 3157 ltaque
1227 3108 1360 3146 idonea
1395 3106 1577 3158 quaedam
1609 3116 1708 3195 prfac-

168 3166 274 3205 vor.
293 3167 335 3203 11.
831 3165 907 3201 Nn
941 3173 959 3200 2
1660 3161 1713 3194 ar}

1807 218 1901 281 ²33
