1973 3570
801 264 950 339 [1]

71 447 1684 570 PARASCEVE

125 776 1538 919 HISTORIAM

137 1022 622 1105 Naturalem
677 1020 764 1104 δε
832 1018 1622 1126 Experimentalemz

790 1206 977 1247 SIVE

238 1350 315 1424 D
394 1349 468 1426 E
540 1348 599 1424 S
666 1351 729 1425 C
799 1348 876 1424 R
944 1342 1004 1423 I
1070 1349 1133 1424 P
1211 1341 1285 1422 T
1340 1347 1399 1423 I
1461 1346 1527 1424 O

82 1593 87 1595 i
142 1531 240 1590 HI
266 1553 349 1592 ST
375 1554 412 1593 o
437 1553 475 1592 R
500 1553 518 1594 1
543 1554 636 1593 ΑΕ
687 1531 979 1592 Naturalis
1031 1533 1092 1592 ὃς
1134 1532 1613 1634 Experimentali8‚

534 1714 665 1769 Qualis
690 1711 859 1761 sufficiat,
887 1715 925 1753 δε
947 1705 990 1752 lit
1012 1710 1054 1753 in
1077 1710 1217 1753 ordine

174 1867 277 1926 Ad
299 1866 464 1946 Bastn
491 1864 568 1935 &³
593 1869 978 1926 Fundamenta
1002 1864 1377 1949 Philosbphiae
1401 1871 1594 1928 Verae.

291 2071 425 2115 UOD
449 2071 761 2114 Instaurati0nem
783 2069 948 2115 nostram
972 2081 1037 2128 per
1059 2084 1182 2127 partes
1206 2075 1372 2124 edamus,
1409 2072 1449 2115 id
1472 2088 1520 2115 eo
1544 2076 1695 2128 speetat,

320 2142 362 2168 ut
385 2132 525 2180 aliquid
553 2142 654 2170 extra
677 2133 887 2182 periculum
909 2143 1098 2185 ponatur„
1142 2134 1241 2171 Non
1264 2130 1439 2170 absimilis
1466 2145 1538 2170 nos
1563 2143 1695 2171 movet

321 2187 430 2232 ratio,
459 2197 500 2224 ut
523 2189 634 2224 aliam
656 2187 846 2237 quandam
870 2190 994 2238 operis
1007 2188 1229 2239 particulam
1252 2189 1326 2234 jam
1350 2189 1391 2225 in
1414 2188 1598 2238 praesenti
1616 2188 1697 2225 sub-

320 2242 529 2291 jungamus,
567 2244 604 2280 &
626 2254 714 2280 cum
737 2244 794 2289 iis,
822 2255 917 2292 quae
941 2243 1047 2294 supra
1069 2243 1308 2290 absolvimus,
1337 2255 1411 2296 una
1434 2242 1607 2280 edamus:
1643 2243 1699 2280 Ea

85 2295 136 2334 est
150 2296 354 2346 descriptio
369 2299 405 2334 ὅ(
420 2296 630 2334 delineatio
650 2298 832 2335 Historiae
848 2301 1025 2336 naturalis
1045 2302 1082 2336 ὃ(
1097 2298 1412 2347 experimentalis,
1443 2297 1520 2342 ejus
1535 2298 1696 2348 generis,

85 2364 180 2400 quae
204 2346 246 2390 sit
271 2354 310 2390 in
334 2352 469 2389 ordine
495 2353 539 2389 ad
563 2352 807 2390 condendam
832 2353 1132 2403 philosophiam3
1161 2353 1484 2402 &compleeiatur
1500 2354 1700 2391 materiem

87 2408 260 2456 probam,
304 2406 509 2456 copiosam,
551 2409 588 2445 ὃς
617 2418 700 2457 apte
733 2408 911 2458 digestam
940 2408 985 2445 ad
1014 2420 1109 2458 opus
1137 2404 1351 2457 interpretis
1387 2407 1493 2460 quod
1521 2406 1697 2446 succedit.

88 2463 187 2500 Huic
206 2471 332 2500 autem
351 2464 404 2499 rei
428 2465 533 2500 loeus
554 2464 729 2512 proprius
748 2462 862 2510 foret,
889 2470 1009 2512 quum
1031 2463 1078 2501 ad
1095 2460 1303 2513 parascevas
1326 2460 1579 2512 inquisitionis
1602 2463 1703 2501 ordi·

88 2529 137 2554 ne
161 2518 368 2555 deventum
392 2517 517 2555 fuerit.
574 2519 659 2555 Hoc
681 2530 773 2556 vero
797 2529 1041 2568 praevertere,
1071 2530 1141 2555 nec
1164 2519 1295 2555 locum
1317 2520 1515 2568 proprium
1540 2519 1701 2570 expedia-

87 2585 141 2619 re,
170 2568 381 2610 consultius
404 2574 515 2610 nobis
538 2574 709 2614 videtum
738 2574 843 2622 quod
870 2570 1087 2620 hujusmodi
1103 2573 1264 2620 historia,
1294 2575 1446 2622 qualem
1469 2574 1603 2611 animo
1625 2585 1702 2611 me-

89 2629 206 2665 timur
229 2630 267 2666 ὃς
283 2640 372 2665 mox
395 2627 660 2675 describemus,
691 2640 749 2666 res
771 2641 955 2679 perquam
978 2641 1138 2678 magnae
1159 2626 1200 2666 fit
1217 2629 1343 2676 molis,
1372 2640 1441 2667 nee
1464 2626 1541 2666 fine
1556 2630 1704 2679 magnis

92 2683 284 2721 laboribus
300 2685 337 2720 &
355 2682 575 2732 sumptibus,
605 2683 742 2721 confici
758 2680 891 2734 poss'it3
920 2694 961 2722 ut
976 2697 1071 2733 quae
1091 2685 1305 2722 multorum
1327 2696 1442 2734 opera
1456 2683 1636 2734 indigeat,
1666 2686 1704 2722 δε

93 2736 152 2782 (ut
178 2738 268 2775 alibi
291 2735 466 2786 diximus)
484 2750 578 2788 opus
601 2732 643 2775 sit
658 2736 757 2787 quast
781 2740 939 2789 regium.
996 2741 1124 2788 Itaque
1148 2740 1313 2777 occurrit
1337 2739 1444 2786 illud,
1471 2751 1554 2776 non
1577 2739 1640 2776 abs
1663 2750 1704 2776 re

92 2791 176 2829 fore
200 2794 371 2843 experiri,
401 2791 426 2829 st
450 2793 548 2830 forte
565 2793 655 2830 haee
679 2794 866 2842 aliquibus
883 2795 964 2832 aliis
988 2806 1097 2832 curae
1113 2794 1183 2831 effe
1206 2788 1369 2843 poffint3
1399 2796 1451 2831 ita
1465 2803 1507 2832 ut
1523 2794 1617 2831 dum
1632 2805 1705 2831 nos

92 2844 274 2885 destinata
296 2848 430 2885 ordine
455 2848 701 2897 perficiamuS,
739 2849 829 2886 haec
851 2860 932 2898 pars
955 2862 1049 2898 quae
1075 2859 1155 2887 tam
1177 2850 1376 2899 multiplex
1401 2849 1449 2887 est
1473 2850 1511 2886 δε
1530 2848 1705 2896 onerosa,

93 2904 208 2939 etiam
230 2903 323 2941 vivis
346 2903 458 2939 nobis
484 2900 523 2947 (fi
548 2904 596 2939 ita
620 2903 770 2941 divinae
795 2905 976 2954 placuerit
1001 2904 1198 2950 Maiestati)
1222 2904 1350 2941 instrui
1373 2906 1410 2942 <St
1433 2906 1552 2953 parati
1576 2899 1703 2953 poffit,

95 2958 175 2994 aliis
198 2970 273 2995 una
294 2957 493 2995 nobiscum
509 2959 549 2994 in
574 2957 611 2994 id
629 2953 760 2995 sedulo
784 2959 1112 2999 incumbentibus;
1141 2958 1357 3008 praesertim
1381 2971 1500 3008 quum
1515 2960 1612 2997 vires
1636 2970 1704 2995 no-

95 3011 184 3049 strae
217 3010 256 3059 (fi
287 3013 328 3050 in
355 3013 429 3050 hoc
462 3012 529 3049 soli
565 3013 761 3059 fuerimus)
792 3014 851 3051 vix
890 3024 1016 3051 tantae
1051 3015 1266 3064 provinciae
1301 3011 1468 3051 sufficere
1494 3014 1703 3052 videantun

94 3066 248 3103 Etenim
271 3079 364 3115 quae
379 3068 424 3104 ad
440 3079 533 3116 opus
558 3066 679 3116 ipsum
702 3069 910 3106 intellcstus
937 3070 1141 3118 pertinent,
1170 3081 1241 3105 nos
1265 3069 1391 3106 Marte
1407 3068 1536 3106 nostro
1558 3068 1706 3105 fortasse

97 3121 301 3158 vincemus.
360 3123 415 3160 At
444 3123 654 3160 intellectus
683 3124 889 3160 materialia
912 3134 990 3160 tam
1016 3126 1088 3161 late
1112 3132 1253 3172 patent,
1291 3133 1333 3161 ut
1360 3135 1402 3161 ca
1426 3124 1620 3172 (tanquam
1643 3128 1708 3171 pet

153 3176 189 3212 V
198 3186 223 3211 o
232 3187 267 3212 L.
287 3178 328 3212 11.
887 3179 925 3214 A
1447 3185 1708 3227 procuratores
