1973 3570
16 176 20 246 l

339 245 440 291 DE
493 238 915 291 SECTIONE
966 235 1460 290 CORPORUM.

93 339 220 392 Itaque
240 337 441 376 ridiculum
466 348 555 385 erat,
592 347 741 376 atomos
763 350 835 388 pro
856 339 975 388 parvis
995 336 1068 375 illis
1092 336 1332 387 corpusculis,
1370 347 1464 386 quac
1485 335 1550 373 sub
1577 338 1688 377 radiis

91 394 178 436 solis
204 392 499 445 conspiciuntur,
538 395 715 446 accipere.
775 395 828 431 Ea
858 394 962 431 enim
986 394 1146 443 pulveris
1174 392 1282 430 instar
1305 391 1402 438 sunt,
1437 402 1611 428 atomum
1630 405 1690 432 au-

88 459 180 497 tem,
200 459 241 487 ut
257 448 332 500 ipsc
349 447 606 486 Democritus
620 449 753 496 aiebat,
774 460 891 487 nemo
906 460 1074 497 unquam
1086 449 1193 495 vidit,
1214 459 1276 486 aut
1290 447 1417 485 videre
1431 442 1556 496 possit.
1614 450 1688 486 Sed

88 503 152 542 ista
170 515 296 541 rerum
319 503 531 555 dispertitio
546 505 585 540 in
610 504 790 542 odoribus
806 505 931 541 multo
954 504 1072 554 magis
1087 504 1302 541 mirabilem
1321 501 1358 539 se
1377 502 1548 539 ostendit.
1604 503 1689 540 Ete-

87 561 170 601 nim
189 557 215 597 fi
237 570 370 609 parum
400 560 500 596 croci
526 559 674 596 dolium
703 570 830 607 aquae,
866 560 1020 601 colore3
1056 569 1093 596 at
1114 568 1247 610 parum
1272 556 1412 595 zibethi
1437 558 1687 596 coenaculum

86 614 269 665 amplum,
299 614 418 650 odore
434 615 615 661 imbuere,
644 613 845 652 &inficere
863 613 994 665 potest,
1023 616 1061 652 δε
1076 613 1232 651 subinde
1245 612 1358 659 aliud,
1387 614 1424 650 ὃ(
1439 611 1560 650 rursus
1576 611 1688 650 aliud.

86 671 224 720 Neque
253 669 447 719 quisquam
476 665 540 705 fibi
566 668 692 718 fingat,
729 669 878 715 odores,
917 669 1071 707 luminis
1097 680 1217 715 more,
1254 678 1317 705 aut
1348 669 1462 705 etiam
1490 669 1624 704 caloris
1652 671 1695 706 <Se

84 725 247 775 frigoriS,
285 723 419 772 absque
444 725 795 762 communicatione
819 722 1039 762 substantiae
1063 722 1249 765 diffundi3
1288 735 1376 760 curn
1401 732 1536 760 notare
1559 719 1687 774 poffir,

85 779 224 821 odores
246 780 360 817 ctiam
379 778 488 816 rebus
511 778 651 826 solidis,
680 781 804 829 lignis,
834 781 1008 828 metallis,
1036 778 1303 826 adhaerescere,
1332 778 1448 826 idque
1470 779 1516 816 ad
1539 788 1690 827 tempus

84 846 167 873 non
189 834 385 883 exiguum3
424 833 524 886 posse
540 836 653 871 ctiam
675 833 860 881 friffione,
891 837 1078 873 lavatione
1102 836 1148 872 ab
1162 833 1292 872 iisdem
1316 832 1449 871 discuti
1468 835 1504 870 ὅ(
1523 835 1687 884 purgari,

85 891 230 940 Verum
251 891 291 927 in
314 888 410 927 hisce
426 891 463 927 ὃ(
485 887 673 937 similibus,
711 890 815 939 quod
837 891 1021 942 process'us
1044 889 1212 928 infinitus
1236 901 1319 928 non
1342 887 1397 935 stt,
1438 900 1556 926 nemo
1581 888 1690 926 sanus

84 944 364 991 contradixerit,
392 956 480 982 cum
506 946 604 982 intra
624 945 736 995 spatia
759 948 796 983 δε
823 947 974 993 limites,
1005 948 1041 983 ὅ(
1064 957 1270 995 corporum
1298 945 1536 994 quantitates,
1565 943 1688 988 hujus-

84 1000 195 1039 modi
216 999 428 1051 dispertitio
450 997 521 1037 stve
543 998 692 1038 diffufio
716 1000 958 1042 cohibeatur3
996 1012 1037 1039 nt
1060 1002 1100 1037 in
1124 1001 1302 1050 exemplis
1324 999 1518 1038 antedictis
1539 998 1690 1037 eviden-

84 1051 269 1093 tiffimum
298 1054 357 1093 est.
414 1055 531 1107 Quod
559 1055 604 1093 ad
638 1055 843 1094 secundum
871 1055 1019 1094 sensum
1052 1058 1171 1093 atomi
1204 1058 1353 1102 attinet,
1395 1054 1500 1104 quod
1528 1066 1688 1092 vacuum

83 1109 359 1160 praesupponit,
387 1121 634 1160 atomumque
657 1123 700 1148 ex
714 1113 926 1160 privatione
945 1112 1050 1149 vacui
1065 1110 1218 1151 definit;
1247 1111 1348 1148 bona
1367 1112 1404 1147 δε
1418 1110 1510 1147 seria
1528 1109 1688 1158 diligen-⁷

84 1167 136 1203 tia
159 1162 332 1202 Herom's
354 1166 437 1212 fuit,
474 1177 567 1214 quae
591 1177 750 1203 vacuum
773 1176 1034 1205 coacervatum
1060 1164 1220 1215 negavit,
1255 1175 1416 1203 vacuum
1441 1164 1686 1208 commistum

84 1220 239 1258 asseruit.
298 1220 401 1258 Cum
422 1222 523 1257 enirn
549 1231 770 1270 perpetuum
786 1233 991 1272 corporum
1015 1232 1154 1258 nexum
1169 1230 1352 1267 cerneret,
1382 1231 1504 1268 neque
1522 1220 1686 1256 inveniti

82 1275 231 1325 prorsus
254 1284 317 1312 aut
338 1272 510 1325 assignari
526 1276 685 1326 spatium
709 1277 877 1324 aliquod,
905 1276 1009 1325 quod
1025 1287 1185 1325 corpore
1208 1284 1333 1316 vacet3
1363 1277 1400 1312 ὅ(
1415 1275 1540 1312 multo
1555 1274 1687 1322 magis,

82 1342 170 1369 cum
185 1341 345 1379 corpora
367 1332 490 1380 gravia
504 1333 541 1368 ὅ(
563 1329 773 1380 ponderosa
790 1330 931 1370 sursum
955 1329 1054 1378 fetri,
1084 1333 1120 1368 δε
1135 1341 1284 1368 naturas
1298 1329 1376 1368 suas
1390 1341 1550 1379 quoquo
1564 1328 1689 1366 modo

82 1386 272 1436 deponere
293 1388 329 1422 &
343 1387 495 1433 violare,
525 1387 649 1435 potius
664 1398 776 1435 quarn
791 1385 1040 1425 divulsionem
1061 1385 1269 1424 absolutam
1284 1397 1305 1422 a
1327 1397 1488 1435 corpore
1503 1385 1690 1433 contiguo

82 1442 282 1493 patiantur,
311 1441 474 1482 videret3
502 1451 673 1478 naturam
689 1454 709 1479 a
722 1452 842 1480 vacuo
861 1443 1015 1488 majoris
1030 1452 1144 1479 notae
1159 1440 1229 1479 five
1244 1450 1464 1478 coacervato
1482 1439 1688 1476 abliorrere

81 1496 230 1546 prorsus
253 1496 385 1533 statuit.
444 1497 604 1543 Contra,
641 1509 728 1534 cum
751 1497 910 1534 eandem
933 1498 1103 1546 corporis
1124 1497 1321 1534 materiam
1344 1495 1531 1542 contrahi,
1561 1495 1599 1531 ὅ(
1624 1505 1688 1530 co-

82 1552 224 1598 arstari,
255 1554 291 1588 δε
306 1552 427 1589 rursus
451 1554 637 1603 aperiri&
662 1551 805 1589 dilatari
820 1551 1053 1602 perspiceret,
1082 1553 1119 1589 δε
1133 1551 1247 1601 spatia
1270 1552 1478 1599 inaequalia
1493 1549 1689 1587 interdum

82 1606 238 1654 majora,
267 1607 458 1644 interdum
474 1609 623 1644 minora
638 1620 820 1658 occupare
840 1610 876 1645 ὅ(
889 1608 1104 1657 complere3
1132 1619 1215 1644 non
1236 1604 1329 1644 vidit
1350 1605 1552 1655 quomodo
1565 1603 1688 1650 hujus·

82 1660 393 1711 modi‘ingress'us
419 1664 455 1699 ὅ(
477 1663 635 1712 egressus
662 1675 867 1715 corporum
896 1664 936 1700 in
960 1663 1052 1700 loeis
1081 1661 1152 1699 suis
1174 1661 1253 1699 fieri
1278 1658 1405 1711 poffit,
1440 1657 1509 1698 nist
1532 1668 1688 1710 propter

82 1726 241 1756 vacuum
263 1716 469 1763 admistum,
500 1719 625 1755 minus
644 1716 828 1765 videlicet,
859 1730 1018 1770 corpore
1034 1716 1256 1769 compresso,
1287 1717 1370 1766 plus
1390 1716 1578 1753 relaxato:
1609 1716 1688 1752 Ne-

80 1769 174 1810 c'ess'e
190 1771 291 1809 enim
314 1772 395 1818 effe,
424 1773 722 1810 contraffionem
744 1773 845 1810 istam
862 1786 926 1825 per
949 1784 1070 1810 unum
1086 1784 1128 1809 ex
1152 1773 1209 1809 his
1228 1772 1348 1809 tribus
1367 1769 1491 1808 modis
1505 1769 1597 1823 fieri,
1625 1775 1690 1806 aut

81 1839 143 1874 eo,
171 1839 285 1875 quem
306 1828 478 1874 diximus,
508 1841 645 1878 nempe
671 1829 775 1877 quod
795 1840 953 1867 vacuum
973 1840 1045 1880 pro
1064 1829 1212 1864 ratione
1234 1827 1506 1864 contractionis
1523 1824 1692 1862 excluda-

82 1893 166 1922 tut3
195 1892 257 1919 aut
272 1883 375 1931 quod
391 1883 491 1920 aliud
506 1884 659 1932 aliquod
675 1896 809 1936 corpus
829 1885 930 1936 prius
946 1884 1208 1920 intermixtum
1223 1880 1472 1932 exprimatur3
1501 1890 1566 1917 aut
1581 1880 1687 1928 quod

82 1936 127 1975 fit
155 1938 335 1985 quaedam
362 1939 536 1975 naturalis
567 1940 698 1987 (qualis
724 1940 843 1988 qualis
871 1951 914 1976 ea
940 1936 996 1987 fit)
1025 1950 1231 1987 corporum
1257 1936 1506 1975 condensatio
1530 1937 1567 1971 ὃ(
1591 1946 1688 1971 rare-

82 1992 209 2030 faciio.
265 1993 396 2041 Atque
420 1994 523 2041 quod
552 1995 596 2030 ad
621 1995 789 2043 corporis
813 1996 997 2032 tenuioris
1018 1989 1294 2043 expreffionem
1318 1993 1466 2038 attinet,
1503 1990 1565 2027 ista
1590 1990 1689 2026 ratio

82 2049 234 2086 nullum
257 2049 398 2084 exitum
427 2048 561 2086 habere
583 2049 740 2087 videtur.
797 2051 901 2088 Nam
923 2060 1056 2087 verum
1084 2047 1145 2095 est,
1183 2047 1368 2100 spongias,
1406 2049 1444 2083 ὃς
1469 2043 1690 2092 hujusmodi

81 2102 231 2152 porosa,
270 2103 434 2154 cxpreffo
461 2104 557 2151 aere,
593 2105 776 2141 contrahi.
832 2106 892 2141 De
917 2106 1001 2141 aere
1027 2102 1108 2153 ipso
1131 2113 1258 2140 autem
1284 2101 1523 2139 manifestum
1549 2098 1599 2136 est
1622 2111 1689 2149 per

83 2159 246 2207 plurima
276 2160 541 2207 experimenta,
582 2172 669 2196 cum
699 2160 816 2209 spatio
840 2158 999 2197 notabili
1026 2158 1199 2196 contrahi
1225 2157 1337 2210 poffe.
1394 2159 1502 2194 Num
1529 2166 1623 2203 crgo
1651 2156 1690 2191 &

84 2211 193 2262 ipfius
219 2215 310 2250 a‘e‘ris
334 2212 567 2250 subtiliorem
598 2225 740 2263 partem
765 2214 923 2266 exprimi
949 2214 1159 2266 putandum
1183 2212 1258 2251 est?
1299 2214 1338 2250 δε
1364 2212 1539 2262 deinceps
1565 2207 1686 2254 hujus-

83 2269 191 2305 modi
207 2267 316 2319 partis
337 2269 458 2315 aliam,
489 2271 525 2306 ὃ(
550 2267 595 2305 sic
610 2269 648 2306 in
671 2270 888 2307 infinitum?
917 2271 1021 2307 Nam
1032 2264 1326 2307 adverfiffimum
1340 2267 1407 2303 tali
1430 2265 1607 2314 opinioni
1627 2261 1689 2310 est,

74 2323 190 2372 ,quod
205 2335 282 2371 quo
297 2325 470 2361 tenuiora
490 2336 649 2373 corpora
663 2323 745 2371 sint,
774 2336 822 2361 eo
842 2324 1025 2368 majorem
1040 2323 1344 2359 contractionem
1360 2317 1571 2365 sustineant,
1600 2329 1690 2355 cum

83 2389 218 2416 contra
240 2377 320 2414 fieri
343 2389 548 2427 oporteret,
578 2378 603 2415 si
627 2380 837 2416 conti-aetio
851 2390 916 2428 per
940 2373 1216 2427 expressionem
1231 2376 1346 2425 partis
1367 2375 1551 2412 tenuioris
1570 2372 1687 2410 ficret.

84 2433 216 2482 Atque
236 2433 283 2470 de
301 2434 370 2470 illo
385 2435 506 2471 altero
527 2435 659 2481 modo,
690 2446 850 2483 corpora
864 2432 1004 2470 seilicet
1020 2432 1164 2479 eadem,
1191 2443 1262 2468 nec
1277 2431 1364 2467 alias
1378 2438 1533 2477 mutata,
1562 2438 1692 2465 tamen

83 2490 204 2537 magis
219 2491 255 2526 ὃς
269 2490 395 2525 minus
409 2490 449 2526 in
462 2491 609 2527 raritate
625 2500 687 2527 aut
699 2487 877 2527 densitate
892 2489 1069 2539 recipere,
1088 2498 1170 2538 non
1186 2487 1353 2539 multum
1365 2483 1615 2538 laborandum
1630 2483 1690 2520 est.

84 2541 291 2584 Pofitivum
316 2544 418 2580 enim
439 2544 620 2592 quiddam
643 2544 788 2582 videtur
808 2543 890 2589 effe,
927 2546 963 2580 ὅ(
987 2542 1132 2580 ratione
1155 2540 1274 2588 surda,
1304 2542 1342 2582 ὅ(
1365 2538 1584 2592 inexplicata
1606 2539 1692 2584 niti,

86 2601 208 2648 qualia
231 2598 318 2636 sunt
345 2598 421 2635 fere
448 2597 673 2647 Arzstotelis
698 2600 952 2649 pronuntiata.
1007 2596 1131 2636 Restat
1157 2598 1283 2647 itaque
1301 2597 1434 2647 tertius
1457 2595 1525 2631 ille
1541 2593 1691 2640 modus,

85 2654 150 2703 qui
174 2666 333 2693 vacuum
362 2654 550 2705 supponit.
600 2655 723 2707 »Quod
751 2653 777 2691 fi
804 2654 899 2691 illud
928 2651 1008 2701 quis
1037 2650 1201 2704 objiciat,
1238 2651 1378 2689 durum
1402 2650 1521 2702 videri
1546 2650 1583 2686 &
1604 2648 1689 2691 ,fere

82 2709 319 2756 incredibile,
348 2720 388 2746 ut
408 2721 566 2747 vacuum
580 2710 776 2751 admistum
786 2707 845 2756 -fit,
874 2720 962 2745 cum
977 2719 1113 2757 corpus
1127 2708 1268 2758 ubique
1288 2706 1492 2757 reperiatur
1506 2717 1517 2746 3
1546 2705 1577 2757 is
1591 2699 1617 2739 fi
1632 2715 1690 2740 ex-

85 2768 222 2817 empla,
243 2776 338 2813 quae
353 2765 474 2801 modo
488 2764 720 2811 adduximus,
739 2776 856 2813 aquae
871 2775 998 2814 crocO,
1018 2764 1078 2801 vel
1093 2763 1187 2800 a‘e'ris
1202 2761 1384 2799 odoribus
1399 2760 1541 2806 infesti,
1560 2759 1692 2795 animo

85 2819 269 2858 sedatiore
281 2818 500 2866 confideret,
520 2819 627 2856 facile
636 2819 849 2869 perspiciet,
869 2819 1013 2856 nullam
1025 2828 1170 2868 partem
1183 2816 1284 2867 posse
1296 2812 1471 2868 assignari
1481 2825 1609 2863 aquae,
1625 2812 1690 2848 ubi

87 2887 219 2913 crocus
247 2886 329 2911 non
356 2873 411 2921 fit,
449 2877 486 2912 ὅ(
513 2884 641 2912 tamen
668 2873 907 2912 manifestum
930 2872 998 2910 ess'e
1022 2885 1065 2910 ex
1086 2873 1370 2924 comparatione
1393 2872 1495 2908 croci
1516 2872 1552 2906 δε
1575 2877 1691 2915 aquae

88 2940 289 2978 antequam
313 2929 570 2976 miscerentur,
599 2941 735 2979 corpus
754 2941 869 2977 aquae
883 2940 1018 2980 corpus
1040 2928 1144 2965 croci
1159 2928 1288 2977 multis
1310 2927 1478 2964 numeris
1501 2922 1690 2960 excedere.

89 2985 205 3037 Qiod
222 2982 253 3021 si
275 2985 313 3021 id
329 2986 377 3021 in
398 2983 545 3022 diverfis
561 2985 782 3034 corporibus
803 2985 1005 3030 invenitur,
1040 2984 1166 3021 multo
1184 2983 1304 3032 magis
1328 2983 1368 3019 in
1391 2989 1549 3032 corpore
1573 2979 1610 3013 ὅ(
1633 2987 1691 3014 va-

90 3052 164 3078 cuo
190 3039 263 3076 hoc
280 3039 359 3076 fieri
381 3040 588 3088 putandum
609 3039 669 3076 est.
723 3040 870 3076 Verum
896 3039 935 3075 in
951 3050 994 3076 ea
1017 3048 1122 3090 parte
1145 3034 1331 3083 Heronis,
1369 3038 1502 3084 utpote
1521 3031 1690 3069 hominis

90 3092 308 3140 mechanici,
344 3096 617 3147 contemplatio
632 3095 694 3131 illa
716 3091 945 3132 Democriti
967 3092 1180 3144 philosophi
1201 3088 1391 3130 clarisfimi
1413 3088 1571 3125 inferior
1595 3085 1691 3123 fuit:

89 3150 195 3200 quod
209 3145 331 3196 Hero,
359 3149 527 3198 quiahic
540 3150 638 3201 apud
659 3161 731 3188 nos
745 3150 787 3187 in
811 3149 940 3188 nostro
955 3149 1024 3187 isto
1045 3148 1139 3187 orbe
1152 3159 1312 3189 vacuum
1334 3153 1594 3183 coacervatum
1607 3150 1691 3199 non

1547 3202 1694 3245 reperit,

1732 260 1832 313 ²23
