1973 3570
288 265 840 330 INQUISITIO
896 264 989 310 DE
1042 262 1498 312 MAGNETE.

146 359 354 400 MaoNi-:s
380 362 520 399 ferrum
543 362 684 398 tactum
708 361 824 410 longe
840 359 999 398 vivacius
1022 360 1148 407 trahit,
1179 373 1293 409 quam
1318 363 1520 403 intantum
1551 364 1645 401 adeo
1666 376 1707 404 ut

96 418 251 464 serrum,
291 417 393 466 quod
416 418 597 454 intactum
617 416 653 453 in
684 417 768 453 data
791 415 958 453 distantia
977 428 1059 453 non
1083 415 1209 462 trahit,
1246 417 1285 453 id
1312 419 1352 454 in
1379 418 1516 466 triplici
1539 418 1709 459 distantia

98 473 236 510 tastum
255 473 387 510 trahar.

147 529 306 566 Num,
324 527 527 564 extrahitur
547 526 635 563 ferri
657 536 718 564 aut
736 527 943 563 metallicae
964 527 1140 563 materiae
1160 538 1202 563 ex
1223 537 1399 576 magnete
1414 540 1479 579 per
1499 526 1640 577 ignem,
1670 532 1708 568 δε

94 592 186 620 nota
204 582 459 634 separationis.

146 638 190 674 M
201 647 226 674 A
237 649 299 675 GN
310 649 357 674 Rs
373 649 453 674 non
471 635 627 672 solvitur
642 637 682 672 in
696 647 790 683 aqua
806 637 901 684 regis
917 636 1000 687 plus
1021 648 1134 684 quam
1151 638 1191 673 in
1207 649 1303 685 aqua
1323 636 1427 674 forti.

147 693 357 730 MAGNES
380 693 420 728 in
444 691 640 728 crucibulo
664 689 815 742 positus,
853 692 944 727 citra
968 701 1096 727 tamen
1121 704 1234 740 quam
1259 702 1299 729 ut
1324 693 1517 729 flammam
1547 695 1695 732 emittat

93 749 279 785 minuitur
295 748 459 784 multum
480 746 660 794 pondere,
689 747 726 782 δε
742 745 970 783 immensum
987 747 1139 792 virtute,
1170 757 1211 784 ut
1226 748 1284 784 vix
1301 747 1444 784 ferrum
1463 749 1633 786 attrahat.

148 803 355 840 MAGNES
376 813 485 850 aegre
502 800 656 849 liquefit,
687 800 887 838 sedtamcn
907 800 1065 850 figuram
1086 802 1266 840 nonnihil
1282 804 1473 850 immutat,
1490 806 1525 840 ἅ
1538 804 1701 844 rubescit

95 868 138 895 ut
157 857 310 895 ferrum.

146 913 189 949 M
201 924 297 950 AGN
308 923 354 948 Es
382 909 595 948 combustus
626 913 783 959 integer,
826 912 1005 949 virtutem
1034 907 1223 961 paffivam,
1267 922 1309 950 ut
1339 912 1373 950 sc
1403 914 1562 965 applicet
1592 917 1701 953 alteri

94 969 275 1017 magneti,
304 968 463 1007 retinet3
492 967 648 1003 aestivam
672 967 716 1002 ad
732 967 877 1003 ferrum
892 967 1119 1003 trahendum
1141 967 1219 1004 fere
1235 969 1371 1017 perdit.

146 1023 188 1059 M
199 1034 294 1060 AGN
306 1033 352 1058 Es
368 1023 406 1057 in
423 1022 619 1058 crucibulo
633 1020 845 1058 combustus
860 1023 1000 1058 emittit
1018 1021 1179 1069 fumum,
1200 1024 1259 1060 vix
1275 1033 1403 1060 tamen
1419 1021 1614 1072 visibilem,
1635 1029 1701 1075 qui

93 1079 276 1116 laminam
309 1078 402 1113 acris
441 1074 758 1126 superimpositam
794 1076 974 1113 nonnihil
1009 1077 1167 1113 albicare
1195 1077 1303 1115 facit:
1360 1087 1400 1115 ut
1437 1077 1560 1117 solent
1589 1083 1704 1118 ctiam

92 1134 257 1170 metalla.

98 1214 105 1225 .
145 1189 224 1225 MA
235 1199 353 1225 GNEs
369 1188 408 1223 in
425 1186 688 1224 comburendo
703 1195 872 1234 penetrat
889 1197 953 1235 per
968 1185 1218 1234 erucibulum,
1248 1187 1362 1236 idque
1377 1198 1455 1226 tam
1471 1199 1572 1226 extra
1586 1202 1700 1239 quam

91 1245 202 1289 intra,
231 1243 361 1288 fracto,
390 1241 493 1289 quod
510 1253 529 1277 a
546 1239 741 1292 splendore
759 1241 1010 1290 splendescere
1025 1241 1125 1278 facit.

98 1321 102 1324 -
145 1299 344 1335 CONSEN
356 1308 379 1333 T
390 1307 403 1333 1
415 1308 478 1333 UN
490 1307 513 1332 r
530 1308 676 1343 omncs,
692 1306 923 1344 magnetem,
939 1293 965 1332 fi
979 1297 1233 1344 comburatur,
1252 1298 1302 1334 ita
1318 1309 1359 1336 ut
1374 1299 1568 1337 flammam
1584 1313 1699 1349 quan-

89 1353 176 1390 dam
201 1352 363 1390 luridam
388 1354 424 1388 δε
444 1350 679 1400 sulphuream
704 1352 822 1398 jaciat,
852 1350 1000 1400 prorsus
1022 1352 1103 1388 fieri
1120 1351 1256 1389 virtute
1277 1355 1500 1396 evanidums
1540 1368 1699 1404 eamque

88 1419 285 1457 nunquam
315 1406 437 1456 postea
452 1418 690 1457 recuperare3
719 1407 807 1443 licet
822 1407 1062 1456 refrigeretur
1082 1408 1123 1443 in
1137 1405 1299 1456 positura
1313 1409 1470 1456 australi,
1502 1413 1538 1448 ὅ(
1555 1410 1698 1463 septen-

88 1464 263 1501 trionali:
293 1462 329 1498 id
345 1462 449 1510 quod
463 1461 638 1499 lateribus
651 1463 832 1500 virtutem
845 1462 956 1509 indit,
978 1463 1067 1499 &in
1082 1464 1318 1512 magnetibus
1331 1477 1415 1502 non
1429 1465 1579 1515 prorsus
1594 1478 1698 1503 com-

90 1518 201 1556 bustis
215 1519 311 1555 vires
326 1522 495 1554 renovat.
1171 1542 1172 1545 η

142 1575 301 1610 Exn-:R
313 1582 554 1610 IMENTUM
574 1571 713 1609 fartum
733 1570 793 1618 cst,
823 1571 869 1610 de
891 1572 994 1610 ferro
1010 1584 1185 1624 magnete
1198 1575 1310 1621 tacto,
1338 1586 1380 1612 ac
1396 1576 1510 1612 etiam
1529 1576 1577 1613 de
1598 1588 1700 1627 mag-

90 1638 178 1666 nete
198 1628 291 1680 ipso,
324 1628 519 1664 collocatis
538 1627 646 1677 super
665 1627 850 1677 fastigium
870 1630 1004 1678 templi
1025 1630 1073 1666 D.
1097 1627 1223 1667 ‘Pauli
1243 1627 1430 1677 Londini,
1459 1631 1563 1679 quod
1584 1632 1632 1669 est
1652 1644 1696 1669 ex

89 1672 273 1721 xltissimis
296 1681 445 1731 templis
469 1679 672 1733 Europae3
710 1695 841 1720 annon
862 1685 1124 1722 minuerentur
1147 1686 1286 1725 virtute
1309 1686 1512 1735 attractiva,
1540 1696 1696 1739 propter

88 1737 299 1776 distantiam
313 1750 334 1775 a
347 1740 466 1775 terra?
495 1737 556 1775 sed
573 1737 669 1774 nihil
684 1737 834 1787 prorsus
849 1740 1032 1776 variatum
1049 1740 1108 1777 est.

535 1790 607 1830 Ex
622 1791 800 1845 reliquiis
818 1790 1070 1841 Bacenianz‘s,
1099 1808 1134 1846 p.
1157 1796 1247 1845 146.

142 1849 192 1887 SI
212 1848 275 1887 fiat
294 1846 501 1887 versorium
517 1860 561 1886 ex
580 1850 738 1885 metallo
753 1849 895 1897 aliquo,
925 1861 1034 1887 more
1054 1850 1188 1887 indicis
1204 1851 1420 1902 magnetici‚
1449 1852 1487 1889 ὃς
1505 1851 1572 1890 fini
1588 1850 1696 1892 alteri

89 1914 297 1957 apponatur
310 1903 517 1950 succinum,
546 1903 682 1940 leniter
697 1903 885 1951 fricatum,
913 1903 1128 1942 versionum
1141 1908 1333 1944 convertit
1349 1906 1397 1943 st.

144 1961 413 1997 SUCCINUM
435 1957 660 1996 calefactum
679 1959 724 1996 ab
739 1960 840 2010 igne,
869 1957 941 1997 five
960 1970 1096 2012 tepeat,
1124 1958 1196 2000 five
1210 1961 1362 2009 ferveat,
1390 1959 1462 2001 five
1486 1962 1696 2002 inflamme-

88 2024 163 2061 tur,
193 2026 275 2052 non
290 2014 416 2052 trahit.
819 2065 822 2068 Α

140 2070 408 2108 BAcrLLUM
419 2069 586 2109 ferreum
600 2071 775 2119 candens,
803 2070 969 2120 flamma,
990 2072 1144 2112 candela
1158 2072 1303 2122 ardens,
1331 2072 1446 2110 carbo
1460 2073 1614 2122 ignitus,
1634 2074 1697 2111 ad,

87 2135 194 2164 mota
208 2123 350 2163 festucis
370 2136 432 2163 aut
447 2125 633 2173 versoriis,
661 2139 744 2164 non
763 2127 927 2165 trahunt.

90 2191 96 2195 ·
142 2181 328 2218 Succm
339 2191 411 2218 UM
425 2183 465 2218 in
481 2182 624 2225 majore
640 2183 756 2229 mole,
774 2180 801 2220 fi
814 2182 927 2221 fuerit
940 2184 1118 2233 politum,
1139 2183 1269 2231 allicit,
1297 2183 1385 2221 licet
1400 2195 1482 2221 non
1497 2182 1694 2224 fricatum3

85 2233 113 2274 fi
132 2236 174 2272 in
188 2236 352 2283 minore,
381 2246 444 2274 aut
462 2237 658 2288 impurius,
686 2234 762 2274 stne
781 2237 957 2275 frictione
971 2250 1053 2276 non
1067 2239 1194 2276 trahit.

143 2290 481 2338 CRYSTALLUS,
513 2293 603 2343 lapis
619 2292 825 2341 specularis,
852 2295 1006 2340 vitrum,
1036 2294 1205 2331 clestrica
1219 2302 1374 2339 caetera,
1403 2290 1429 2329 fi
1444 2301 1612 2340 urantur,
1631 2302 1696 2331 aut

82 2355 313 2392 torreantur,
342 2359 423 2383 non
439 2346 604 2384 trahunt.

141 2401 249 2438 P1x:
287 2399 402 2438 rcfina
429 2402 606 2439 mollior:
645 2402 802 2447 benjoin
817 2415 825 2438 :
856 2401 1077 2454 asphaltum,
1113 2400 1335 2451 camphora:
1365 2400 1591 2450 galbanum:
1620 2413 1695 2439 am·-

87 2456 329 2493 moniaeum:
359 2456 494 2495 storax:
515 2456 603 2494 ass'a:
631 2456 722 2494 haec
737 2457 849 2493 coelo
864 2457 1044 2495 calidiore
1059 2458 1280 2506 neutiquam
1295 2456 1444 2507 prorsus
1459 2457 1634 2499 trahunt3
1658 2467 1696 2495 at

86 2513 261 2560 tempore
276 2510 472 2560 frigidiore
487 2511 644 2550 obscure
665 2510 701 2549 ὃς
716 2511 866 2549 infirme
879 2512 1044 2549 trahunn

137 2566 359 2604 VApmus
374 2568 434 2603 aer
450 2566 613 2614 succino,
635 2569 705 2604 &ci
723 2562 881 2615 afflatus,
909 2568 968 2605 vel
984 2568 1029 2604 ab
1044 2578 1123 2614 ore,
1144 2567 1204 2606 vel
1217 2567 1263 2605 ab
1278 2567 1360 2604 a‘e‘re
1375 2566 1603 2615 humidiore,
1624 2568 1693 2607 vir·

82 2631 206 2660 tutem
219 2620 392 2659 trahendi
408 2620 575 2659 suffocat.

139 2677 188 2714 81
203 2676 328 2713 charta
348 2685 410 2713 aut
426 2677 588 2714 linteum
603 2678 865 2729 interponatur
879 2679 978 2717 inter
998 2676 1192 2717 succinum
1207 2679 1246 2716 ὃ(
1258 2679 1417 2730 paleam,
1448 2689 1531 2715 non
1549 2676 1592 2715 fit
1610 2688 1692 2715 mo-

81 2741 142 2770 tus
156 2741 218 2768 aut
238 2732 421 2769 attrae'tio.
610 2767 616 2770 Α

139 2788 162 2824 S
172 2797 405 2824 UCCINUM
420 2797 482 2825 aut
497 2787 666 2825 elestriea
686 2788 857 2827 calefaffm
877 2801 920 2826 ex
935 2788 1046 2826 radiis
1061 2788 1160 2836 solis,
1188 2800 1271 2827 non
1289 2788 1544 2839 expergefiunt
1557 2787 1604 2824 ad
1619 2794 1692 2823 tra-

81 2839 264 2887 hendum,
292 2839 382 2879 ficut
397 2855 440 2880 ex
454 2842 641 2881 frictione.

137 2897 404 2934 Succ1NUM
422 2898 610 2945 fricatum,
640 2900 678 2935 &
692 2899 802 2936 radiis
817 2898 904 2936 solis
918 2897 1126 2953 expolitum
1145 2898 1285 2938 diutius
1297 2899 1395 2937 vires
1413 2896 1587 2936 trahendi
1602 2896 1687 2933 reti⁴

83 2959 165 2997 net,
193 2962 263 2988 nec
275 2960 355 2987 tam
371 2954 449 2990 cito
464 2965 523 2990 eas
537 2953 696 3005 deponit
710 2966 752 2991 ac
767 2952 793 2992 fi
808 2955 849 2991 in
863 2955 996 2992 umbra
1011 2952 1173 3004 positum
1188 2954 1286 2992 effet.

138 3006 334 3096 {eiwon
359 3019 403 3044 ex
425 3006 576 3058 speculo
596 3009 846 3046 comburente
869 3008 1035 3058 succino,
1064 3012 1134 3048 &c.
1157 3010 1392 3056 conciliatus,
1420 3019 1502 3046 non
1523 3007 1624 3054 juvat
1647 3004 1694 3044 ad

82 3068 140 3099 tra
169 3060 323 3098 endum.

139 3115 341 3153 SULPHUR
361 3117 571 3166 accensum,
600 3120 638 3158 &
652 3129 736 3158 cera
753 3118 846 3162 dura
865 3119 1111 3170 inflammata,
1139 3132 1223 3164 non
1236 3119 1404 3159 trahunt.

1696 726 1708 742 7

140 3224 250 3276 Votss
281 3225 325 3265 Π.
468 3206 475 3209 ’
840 3224 918 3270 Dd
971 3211 977 3215 Δ
1556 3223 1701 3264 Suect-

85 3292 106 3334 3

1752 286 1850 333 209
