1973 3570
133 286 199 332 94

438 259 905 310 HISTORIA
964 254 1224 302 DENSI
1276 250 1377 298 ET
1432 251 1651 297 RARI.

271 361 353 398 nim
363 357 405 396 fit
420 359 460 396 in
472 355 632 409 politura
646 355 823 406 partium,
843 364 922 388 non
937 354 976 388 in
992 350 1188 388 substantia
1200 350 1378 397 corporis.
1436 347 1630 394 Siquidem
1646 357 1781 396 corpus
1797 359 1873 384 ma-

272 424 337 453 net
360 415 401 450 in
424 412 554 449 eadem
582 408 760 447 densitate
786 406 1024 446 substantiam
1064 405 1125 442 sed
1150 404 1307 453 figuram
1336 401 1561 439 nanciscitur
1586 402 1811 451 ampliorem
1836 404 1877 438 in

274 467 479 519 superficie,
510 466 705 503 minorem
719 462 985 512 profunditate.

704 552 985 594 Dilatatz'ones
995 562 1067 606 per
1083 549 1455 591 ‘Deacervationem

338 643 372 669 1.
403 630 511 667 AUR
523 640 594 666 UM
610 640 673 678 per
689 629 970 664 mancationem
987 627 1025 661 in
1042 623 1269 661 immensum
1285 623 1471 667 dilatatur,
1500 630 1540 657 ut
1556 620 1596 657 in
1616 632 1709 658 auro
1725 620 1860 658 foliato
1871 635 1884 662 3

282 687 376 724 item
396 698 460 735 per
480 685 778 723 distraeionem3
816 692 856 719 ut
877 683 916 718 in
937 680 1120 729 argenteis
1140 679 1209 716 filis
1225 678 1421 715 inauratis:
1451 677 1638 713 induratio
1658 677 1763 712 enim
1782 675 1823 712 fit
1843 677 1885 714 in

285 741 397 778 mass'a
411 750 613 786 antequam
629 737 858 773 distrahatur.

342 806 377 831 2.
408 795 445 830 A
455 806 480 829 R
492 805 515 829 G
527 804 546 828 Ε
557 803 583 828 N
595 803 617 827 T
628 803 654 828 U
664 802 697 827 M
710 793 820 827 etiam
834 790 874 826 lit
888 789 1073 833 foliatum,
1091 789 1177 824 licet
1189 799 1269 823 non
1283 786 1327 822 ad
1342 796 1419 822 tam
1432 782 1644 833 exquisitam
1658 786 1883 822 tenuitatem

287 860 400 898 quam
435 857 577 883 aurum.
645 846 805 891 Reliqua
838 855 989 890 quoque
1024 843 1174 878 metalla
1202 853 1267 892 per
1296 841 1579 877 malleationem
1612 840 1817 877 dilatantur
1845 842 1887 877 in

290 903 494 940 brae'teolas
514 903 549 936 ἃ
567 900 730 935 lamellas
746 908 888 934 tenues.

344 965 379 1004 3.
413 955 510 990 CER
524 965 547 989 Α
565 956 601 989 ὃ(
625 951 851 997 hujulinodi,
881 960 1114 1000 premuntur,
1144 952 1180 986 ὅς
1202 949 1396 998 finguntur
1411 949 1451 984 in
1475 948 1728 984 oblinimenta
1749 948 1886 985 tenuia.

341 1020 380 1058 4.
413 1009 515 1045 GUT
528 1019 585 1043 TA
611 1007 809 1043 atramenti
839 1008 878 1042 in
902 1008 1046 1041 calamo
1069 1005 1242 1041 dilatatur
1268 1004 1313 1040 ad
1337 1003 1591 1040 exarationem
1618 1004 1823 1040 multarum
1848 1005 1890 1040 li-

290 1074 454 1102 terarum
471 1076 478 1097 :
508 1061 610 1109 quod
632 1064 667 1097 ὃ(
682 1060 722 1097 fit
742 1073 808 1111 per
823 1059 1038 1110 penicillum
1055 1061 1094 1095 in
1114 1061 1328 1110 pigmentis,
1357 1060 1393 1094 ὃς
1413 1058 1573 1094 vernice.

352 1129 385 1166 5.
420 1117 613 1153 CRocUs
630 1117 668 1151 in
684 1127 792 1165 parva
807 1116 1015 1162 quantitate
1032 1125 1206 1162 magnam
1222 1111 1338 1149 inficit
1354 1113 1602 1160 quantitatem
1618 1124 1744 1160 aquae.

348 1171 553 1208 Connexz'o.
612 1173 646 1205 A
658 1181 681 1205 T
693 1181 754 1220 Qu
765 1181 785 1206 E
801 1170 847 1205 de
868 1169 1147 1205 dilatationibus
1163 1170 1199 1204 ὃ(
1223 1167 1537 1211 rarefactionibuS,
1568 1168 1604 1202 &
1619 1168 1797 1217 aperturis
1813 1179 1894 1204 cor-

296 1237 444 1275 porum,
475 1226 564 1261 haec
587 1222 756 1272 inquisita
778 1223 899 1260 sunto.
958 1223 1122 1271 Superest
1139 1223 1211 1266 jam
1233 1232 1271 1258 ut
1288 1222 1333 1257 de
1349 1222 1546 1257 contrariis
1562 1223 1769 1259 actionibus
1786 1220 1893 1258 fimili

299 1281 494 1329 diligentia
524 1280 773 1327 inquimmuss
812 1279 849 1314 id
876 1278 936 1324 est,
975 1278 1021 1313 de
1047 1277 1375 1321 contrad-ionibus,
1416 1277 1452 1312 ὅ(
1478 1275 1832 1312 εοιῑᾶειὶὶᾉῐίοιιὶῢιιε
1858 1279 1895 1313 ἕξ

298 1334 471 1371 clausuris
500 1344 714 1384 corporum.
772 1333 896 1383 Quam
924 1342 1069 1383 partem
1089 1331 1206 1367 visum
1231 1330 1279 1367 est
1303 1329 1466 1367 seorsum
1490 1330 1654 1376 nactam,
1691 1343 1738 1367 eo
1767 1330 1894 1380 magis,

300 1389 403 1437 quod
425 1400 502 1424 non
520 1399 653 1423 omnes
674 1387 834 1423 aeiones
851 1399 891 1423 ex
913 1387 977 1422 hae
999 1396 1101 1434 parte
1121 1384 1189 1422 sint
1207 1384 1437 1434 reeiprocae3
1467 1383 1525 1419 sed
1543 1386 1749 1421 nonnullae
1770 1397 1897 1422 earum

301 1443 482 1493 propriae,
512 1445 547 1478 δε
570 1440 685 1490 perse
710 1441 956 1491 explicandae.
1012 1442 1147 1484 Etiam,
1179 1442 1347 1487 quamvis
1371 1439 1557 1475 contraria
1574 1440 1719 1475 ratione
1744 1439 1896 1476 eonsen-

300 1499 415 1536 tiant3
444 1507 572 1532 tamen
593 1497 632 1532 in
653 1494 912 1545 experimentis
932 1495 1037 1533 valde
1052 1492 1198 1532 diversis
1220 1494 1494 1542 investigantur,
1524 1495 1559 1529 δε
1580 1493 1615 1529 se
1636 1492 1898 1546 conspicienda

302 1551 491 1604 praebent.

356 1606 393 1640 A
403 1616 454 1641 ετ
465 1616 479 1641 1
489 1616 549 1641 oN
560 1615 573 1640 1
589 1602 815 1640 dilatationis
827 1616 891 1652 per
907 1604 1227 1654 introceptionem
1239 1601 1407 1652 eorporis
1422 1600 1530 1639 alieni
1541 1603 1728 1651 reciproca
1744 1602 1792 1640 esi·
1803 1604 1900 1640 aetio

303 1660 581 1704 contraeiionis,
609 1670 672 1707 per
688 1655 925 1696 emillionem
941 1668 1003 1695 aut
1018 1654 1290 1709 expressionem
1306 1659 1475 1706 corporis
1491 1658 1601 1693 alieni
1616 1671 1624 1693 2
1645 1659 1773 1705 Itaque
1790 1658 1836 1694 dc
1852 1670 1900 1695 eo

305 1716 431 1765 primo
446 1712 494 1750 est
509 1711 788 1761 inquirendum.

414 1802 785 1857 Contrac‘i'ionesper
798 1802 1019 1854 emtffionem
1032 1812 1102 1844 aut
1116 1799 1375 1857 depqss'tionem
1391 1804 1555 1856 corporis
1569 1804 1787 1856 introcepti.

367 1890 400 1916 1.
433 1880 663 1918 CONSULE
680 1880 864 1918 instantias
886 1882 932 1918 de
947 1879 1223 1919 dilatationibus
1249 1893 1313 1930 per
1329 1881 1663 1930 introeeptionem,
1694 1883 1730 1917 ὅ(
1750 1892 1904 1932 oppone

311 1934 384 1970 illis
407 1933 552 1970 easdem
569 1934 752 1972 instantias
777 1935 968 1985 postquam
992 1935 1225 1974 dilatationes
1248 1935 1472 1973 resederint:
1502 1936 1545 1970 ln
1570 1935 1626 1971 his
1648 1935 1902 1985 intelligimuS,

310 1989 374 2025 ubi
390 1988 496 2025 datur
513 1987 676 2027 residere.

366 2053 401 2079 2.
434 2042 676 2081 METALLA
697 2058 787 2095 pura
803 2048 839 2083 ὃ(
858 2045 1030 2095 perfee'ta,
1061 2047 1147 2083 licet
1161 2045 1268 2083 variis
1289 2045 1412 2082 modis
1432 2056 1613 2082 vexentur
1634 2047 1670 2082 ὅ(
1685 2046 1901 2091 alterentur,

313 2106 354 2133 ut
385 2098 425 2134 in
455 2096 792 2146 sublimationibus,
832 2100 1208 2152 praecipitationibus,
1251 2101 1546 2149 malagmatibus,
1591 2098 1904 2147 dissblutionibus,

313 2149 632 2199 calcinationibus‚
661 2155 697 2190 ἃ
713 2154 950 2199 hujusmodi3
979 2165 1104 2192 tamen
1131 2156 1274 2201 (natura
1289 2156 1474 2191 metallica
1489 2165 1575 2191 cum
1595 2155 1673 2190 aliis
1688 2154 1906 2203 corporibus

314 2217 394 2242 non
416 2205 510 2242 bene
535 2209 810 2256 conveniente,)
849 2211 1058 2263 perignem
1080 2212 1116 2246 δε
1134 2210 1404 2246 conflationem
1430 2211 1636 2261 plerunque
1652 2207 1906 2256 restituuntur,

316 2262 353 2296 ὃ(
367 2269 562 2296 vertuntur
586 2262 624 2297 in
640 2273 774 2311 corpus
801 2266 908 2311 quale
928 2266 1040 2315 prius.
1099 2263 1158 2300 Est
1173 2275 1303 2302 autem
1328 2263 1571 2301 condensatio
1591 2262 1651 2299 ista
1666 2262 1789 2300 minus
1809 2276 1907 2311 vera,

316 2315 402 2360 quia
418 2314 563 2350 videtur
586 2315 653 2352 ess'e
669 2317 763 2353 nihil
786 2318 885 2354 aliud
902 2330 1015 2366 quam
1039 2315 1188 2355 emissio
1203 2322 1238 2356 ὅ(
1259 2317 1416 2356 exclusio
1431 2319 1533 2363 aeris,
1564 2319 1627 2364 qui
1650 2317 1683 2354 se
1700 2318 1907 2365 miscuerat,

317 2377 379 2403 aut
395 2379 584 2414 aquarum,
613 2371 651 2405 in
677 2373 809 2418 quibus
828 2372 997 2410 diss‘oluta
1013 2384 1128 2419 erant,
1158 2374 1203 2410 ad
1227 2375 1311 2417 hoe,
1341 2383 1381 2409 ut
1405 2382 1523 2421 partes
1537 2373 1721 2421 genuinae
1742 2372 1908 2425 corporis

320 2422 461 2457 mctalli
487 2421 606 2458 rursus
622 2423 720 2461 coire
743 2423 896 2476 possint.
954 2429 1088 2475 Neque
1112 2438 1239 2464 tamen
1256 2425 1411 2463 dubium
1436 2425 1496 2472 est,
1525 2426 1614 2474 quin
1640 2439 1774 2476 corpus
1794 2429 1908 2476 longe

320 2476 445 2511 minus
468 2475 623 2524 spatium
649 2490 804 2528 occupet
824 2493 937 2528 quam
962 2480 1071 2530 prius,
1101 2481 1161 2519 sed
1186 2483 1344 2518 minime
1365 2481 1511 2518 videtur
1535 2481 1677 2518 densari
1704 2481 1908 2520 substantia.

320 2529 449 2576 Atque
478 2530 566 2566 haec
585 2532 738 2582 potestas
765 2536 936 2581 clavium,
976 2549 1068 2584 quae
1090 2537 1205 2588 aperit
1226 2539 1262 2573 &
1282 2536 1431 2581 claudit,
1468 2537 1568 2584 viget
1588 2538 1748 2573 maxime
1774 2539 1813 2574 in
1835 2550 1911 2574 me-

322 2585 430 2620 tallis,
487 2585 608 2621 Etiam
637 2589 787 2624 metalla
809 2590 964 2639 impura,
1001 2593 1037 2627 ὅ(
1067 2589 1288 2636 inarcasitae,
1326 2600 1435 2638 atque
1461 2592 1627 2627 minerac
1656 2593 1910 2638 metallorum,

323 2637 458 2674 codem
471 2639 590 2675 modo
603 2638 823 2690 (perignem
838 2647 1071 2692 congregatis
1082 2646 1244 2695 partibus
1259 2646 1518 2694 liomogeneis,
1540 2648 1574 2682 ὃς
1587 2645 1709 2682 emiffa
1722 2649 1758 2683 ὅ(
1770 2648 1910 2684 exclusa

324 2692 452 2738 scoria,
483 2695 518 2729 ὅ(
533 2698 799 2743 purgamentis)
817 2698 1054 2749 deputantur.
1111 2698 1260 2737 Etenim
1277 2712 1392 2736 omne
1407 2702 1601 2737 metallum
1616 2712 1753 2748 purum
1768 2700 1911 2739 densius

325 2747 373 2783 est
389 2749 424 2783 δε
439 2746 680 2797 ponderosius
700 2751 860 2802 impuro.

343 2854 350 2858 -
381 2811 415 2850 3.
445 2800 518 2838 An
537 2803 653 2860 magis
672 2805 806 2842 areium
831 2816 954 2843 autem
970 2808 1304 2846 condensationem
1328 2810 1567 2846 metallorum
1588 2809 1687 2857 facit,
1716 2807 1741 2846 fi
1761 2813 1911 2848 metalla

329 2857 467 2914 saepius
487 2855 575 2902 fula,
604 2859 740 2906 laepius
756 2861 794 2896 in
815 2863 916 2909 aquis
931 2864 1085 2899 extintta
1108 2862 1199 2904 fint3
1227 2865 1327 2901 unde
1342 2866 1458 2913 magis
1478 2864 1656 2901 obstinata
1670 2865 1777 2911 fiunt,
1806 2868 1842 2902 ὃ(
1858 2868 1910 2903 in-

327 2909 537 2947 durelcunt.
594 2911 738 2950 Utrum
754 2927 844 2951 vero
858 2916 1023 2964 pondere
1046 2917 1126 2968 ipso
1141 2929 1355 2967 augeantur,
1384 2930 1454 2970 pro
1473 2919 1618 2955 ratione
1634 2917 1800 2966 dimenfi,
1830 2921 1911 2958 hac-

327 2972 436 3000 tenus
459 2975 539 3001 non
557 2966 705 3003 constat.
762 2969 820 3005 De
844 2982 890 3006 eo
905 2970 965 3006 fiat
985 2974 1294 3023 experimentum.
1350 2972 1479 3020 Atque
1503 2972 1563 3009 ista
1583 2974 1773 3011 induratio
1796 2977 1912 3018 mauis

327 3017 445 3054 adhuc
468 3030 643 3068 potenter
663 3020 703 3057 fit
718 3033 782 3072 per
803 3024 944 3061 crebras
969 3023 1173 3064 solutiones
1189 3030 1224 3064 &
1248 3028 1506 3068 restitutiones,
1537 3040 1647 3076 quam
1663 3040 1728 3080 per
1752 3019 1912 3066 fusiones

328 3074 365 3132 ᾃ
380 3074 634 3110 extinCtioncs.
664 3077 933 3124 Inquirendum
946 3080 1058 3117 etiam
1074 3081 1133 3128 est,
1149 3083 1188 3118 in
1200 3080 1298 3130 quali
1312 3093 1460 3131 genere,
1475 3092 1536 3121 aut
1548 3084 1707 3123 mixtura
1722 3095 1912 3132 aquarum,

328 3126 565 3166 indurescant
585 3131 713 3179 magis.
1731 3149 1769 3187 4.
1788 3141 1912 3178 ltm-

1895 3303 1914 3335 ¹1
