1973 3570
732 171 1066 240 ΔΤΗΕΜΑ
1137 172 1431 225 eoam.

281 286 412 317 motus
429 288 518 314 vero
538 274 739 322 ordinatus,
769 275 830 313 sed
852 275 1112 321 multiformis,
1143 276 1261 323 qualis
1282 273 1467 313 invenitur
1493 278 1532 311 m
1547 274 1765 320 coelestibus
1785 288 1890 314 coam

281 332 462 384 Pluribus,
492 328 534 368 sit
543 330 699 369 aliarum
709 332 910 372 linearum3
939 331 1154 378 meritoque
1171 326 1384 376 Gilbertus,
1405 330 1494 367 haec
1509 329 1661 376 deridet,
1689 332 1794 378 quod
1808 344 1887 377 non

283 381 480 424 verisimile
506 383 548 424 sit
577 396 748 423 naturam
782 383 994 423 confinxisse
1025 395 1137 431 rotas,
1180 396 1274 433 quae
1308 383 1467 433 exempli
1494 386 1622 433 gratia,
1665 386 1705 421 in
1734 383 1887 422 circuitu
1919 402 1922 406 ⁴

283 443 506 479 contineant
542 440 700 478 milliare
727 452 848 478 unum
877 449 940 477 aut
972 440 1145 486 alterum,
1182 440 1228 477 ad
1261 439 1336 476 hoc
1362 449 1404 476 ut
1433 439 1570 476 feratur
1604 438 1678 490 pila
1706 441 1887 488 palmatis.

286 497 471 534 Tantulae
500 494 602 533 enim
631 494 900 545 magnitudinis
926 495 1073 532 videtur
1092 494 1161 531 effe
1186 506 1321 546 corpus
1343 495 1525 543 planetae,
1554 494 1599 530 ad
1629 506 1704 541 eOS,
1735 500 1830 542 quos
1843 498 1888 532 ad
1918 516 1921 519 ι

285 548 636 589 defcrendumillud
650 549 811 600 fingunt,
833 551 1001 587 circulos.
1058 550 1248 601 Quintum
1263 549 1322 596 est,
1337 549 1440 600 quod
1452 548 1571 585 stellae
1581 546 1649 585 sint
1658 559 1778 600 partes
1792 550 1890 586 orbis

286 605 339 644 sui
355 617 534 655 tanquam
551 606 657 642 clavo
670 605 771 643 fixae.
827 607 911 642 Hoc
925 617 1016 642 veto
1031 600 1302 642 evidentissime
1313 604 1361 641 est
1371 614 1634 641 commentum
1651 615 1798 650 eorum,
1820 605 1891 654 'qui

285 661 525 707 mathemata,
555 673 635 698 non
662 670 833 697 naturam
858 660 1026 706 transtant,
1057 670 1167 710 atque
1187 669 1340 696 motum
1362 670 1568 708 corporum
1588 667 1737 694 tantum
1751 656 1902 710 stupide.

286 715 486 762 intuentes,
515 714 795 752 substantiarum
827 714 990 751 omnino
1018 713 1303 751 obliviscuntur.
1359 713 1424 750 Ista
1450 712 1553 750 enim
1571 713 1710 760 fixatio,
1738 712 1893 762 particu-

287 772 373 809 laris
397 769 445 807 est
472 768 621 806 affectus
648 781 776 806 rerum
799 769 1077 817 compaCtarum
1107 770 1143 805 ὅ(
1173 766 1460 814 consistentium,
1489 779 1583 816 quae
1605 767 1729 804 firmas
1753 767 1892 817 habent
1915 773 1919 775 “

287 823 546 877 prehensiones
568 824 620 861 ob
650 823 820 872 pressuras
848 825 1022 875 partium.
1078 824 1313 872 Inopinabile
1336 833 1461 860 autem
1482 822 1628 874 prorsus
1649 821 1697 859 est
1724 820 1749 859 si
1776 823 1892 871 trans—

286 881 427 918 feratur
450 879 494 915 ad
514 878 646 915 mollia
659 879 719 915 vel
742 878 895 925 liquida.
954 878 1108 915 Sextum
1123 877 1184 923 est,
1212 877 1314 929 quod
1332 876 1431 914 stella
1446 876 1486 914 sit
1516 875 1662 914 densior
1685 889 1773 928 pars¹
1789 878 1891 914 orbis

286 934 359 975 suis
388 935 473 970 illae
491 944 581 971 vero
605 944 729 981 neque
755 942 872 984 partes
893 930 988 979 sunt,
1017 944 1140 983 neque
1157 930 1355 969 densiores.
1412 934 1507 970 Non
1532 931 1634 968 enim
1654 932 1893 981 homogen'ea

286 988 373 1027 sunt
387 1000 475 1026 cum
490 987 650 1034 aethere,
680 989 716 1024 ὅ(
731 987 846 1036 gradu
873 997 1034 1035 tantum,
1064 986 1124 1024 sed
1145 987 1254 1036 plane
1274 987 1534 1036 heterogenea,
1564 985 1807 1025 &substantia
1821 987 1890 1024 dif-

286 1044 433 1084 ferunt3
462 1052 573 1091 atque
598 1054 639 1079 ea
665 1054 819 1093 quoque
840 1039 1033 1080 substantia
1059 1042 1184 1093 quoad
1212 1039 1434 1079 densitatem
1462 1043 1581 1079 rarior
1609 1042 1669 1088 est,
1711 1044 1748 1078 ὅ(
1776 1041 1893 1092 magis

288 1098 464 1151 explicata
489 1109 603 1146 quam
624 1096 806 1134 aetherea.
863 1098 959 1135 Sunt
983 1099 1020 1134 ὅ(
1046 1098 1116 1134 alia
1142 1098 1335 1149 complura
1363 1095 1493 1146 placita
1516 1096 1682 1143 ejusdem
1705 1095 1890 1145 vanitati83

288 1153 350 1191 scd
368 1154 457 1191 haec
478 1153 525 1189 ad
547 1152 585 1189 id
614 1152 717 1200 quod
732 1153 864 1201 agitur,
895 1148 1087 1189 sufficient.
1143 1152 1274 1201 Atque
1293 1151 1382 1189 haec
1405 1152 1452 1189 de
1471 1151 1611 1201 placitis
1638 1150 1894 1203 philosophiae

287 1210 383 1246 circa
406 1205 584 1253 eoelestia,
612 1206 706 1243 diCta
730 1204 810 1244 sint.
866 1207 981 1259 Quod
1003 1218 1091 1244 vcro
1117 1208 1161 1245 ad
1181 1206 1403 1258 hypotheses
1429 1207 1734 1244 astronomorum
1745 1205 1895 1253 attinet,-

288 1264 434 1301 inutilis
448 1262 525 1300 fere
541 1262 588 1300 est
603 1273 731 1299 earum
747 1262 972 1311 redargutio,
1001 1274 1095 1310 quae
1115 1274 1185 1299 nec
1207 1259 1307 1312 ipsae
1322 1274 1392 1311 pro
1407 1261 1498 1300 veris
1512 1263 1727 1308 afferuntur,
1757 1263 1794 1298 ἃ
1811 1262 1896 1313 pos-

288 1317 359 1356 sint
374 1318 443 1355 effe
457 1319 587 1365 variae,
618 1319 654 1353 ὅ(
675 1318 772 1354 inter
789 1316 824 1354 se
837 1316 1058 1364 contrariae,
1087 1328 1128 1354 ut
1148 1327 1277 1354 tamen
1291 1317 1552 1366 phaenomena
1567 1329 1682 1367 aeque
1701 1315 1841 1353 salvent
1856 1319 1895 1354 δί

288 1375 533 1412 concinnent.
589 1373 715 1422 Itaque
742 1369 784 1408 sit
813 1383 976 1418 cautum,
1004 1369 1029 1408 si
1048 1374 1178 1423 placet,
1207 1373 1304 1408 inter
1325 1367 1590 1408 astronomiam
1615 1369 1894 1422 &philosophi-

288 1440 362 1476 am,
391 1439 569 1476 tanquam
602 1427 754 1463 foedere
779 1425 1077 1464 convenienti&
1104 1426 1288 1475 legitimo,
1317 1436 1359 1462 ut
1380 1424 1517 1463 scilicet
1544 1424 1769 1463 astronomia
1792 1430 1893 1475 prae-

289 1483 421 1521 habeat
449 1481 683 1534 hypotheses,
712 1492 805 1529 quae
831 1482 995 1517 maxime
1023 1481 1214 1533 expeditae
1237 1479 1321 1518 sunt
1348 1480 1393 1517 ad
1428 1481 1653 1530 compendia
1671 1485 1894 1531 computan-

289 1536 339 1585 di,
377 1536 613 1589 philosophia
641 1547 711 1582 eas,
755 1547 849 1584 quae
881 1534 1049 1587 proxime
1079 1535 1261 1573 accedunt
1288 1535 1334 1573 ad
1369 1534 1563 1573 veritatem
1589 1545 1753 1581 naturae,
1776 1540 1896 1587 atque

287 1602 329 1630 ut
349 1593 594 1629 astronomiae
616 1589 838 1642 hypotheses
866 1589 919 1627 rei
940 1591 1083 1629 veritati
1106 1602 1188 1628 non
1215 1588 1479 1642 praejudicent,
1509 1592 1544 1627 ἃ
1559 1585 1906 1642 philosophiae-tie?

285 1646 386 1685 creta
407 1645 492 1684 talia
510 1644 592 1693 sint,
621 1657 714 1697 quae
741 1643 811 1682 sint
841 1645 945 1695 super
973 1645 1232 1697 phaenomena
1251 1646 1498 1683 astronomiae
1522 1646 1761 1696 explicabilia.
1818 1646 1890 1682 At-

285 1714 358 1753 que
381 1703 427 1739 de
443 1698 703 1752 hypothesibus
726 1701 777 1737 ita
805 1700 891 1737 esto.
947 1700 1004 1738 At
1026 1701 1073 1738 de
1096 1700 1418 1739 observationibus
1439 1699 1693 1737 astronomicis
1714 1705 1809 1751 quae
1835 1710 1909 1737 aea⁷

288 1759 528 1795 cumulantur
553 1752 704 1802 affidue,
733 1767 900 1804 quaeque
924 1754 1058 1805 jugiter
1085 1768 1104 1793 a
1129 1757 1239 1793 coelo
1262 1765 1439 1807 tanquam
1463 1767 1577 1806 aquae
1607 1755 1822 1801 scaturiunt,
1851 1757 1894 1793 il-

288 1812 354 1850 lud
380 1813 545 1850 omnino
559 1809 731 1848 homines
758 1808 926 1848 monitos
950 1811 1144 1851 volumus
1173 1822 1221 1847 ne
1245 1810 1344 1848 forte
1372 1811 1419 1847 de
1444 1809 1516 1847 illis
1543 1822 1671 1847 verum
1701 1808 1755 1857 sit,
1778 1812 1887 1861 'quod

288 1869 478 1918 eleganter
497 1866 649 1916 fingitur
675 1866 721 1902 de
743 1865 866 1902 musca
881 1862 1058 1917 AEsopz',
1085 1878 1179 1917 quae
1193 1865 1322 1903 sedens
1347 1864 1451 1916 super
1476 1875 1673 1902 temonem
1689 1859 1886 1904 currus-‘O—

287 1920 456 1974 lympict'3
486 1932 683 1971 quantum,
710 1919 845 1968 inquit,
873 1921 1064 1970 pulverem
1085 1933 1158 1970 ego
1173 1921 1313 1958 excito?
1341 1921 1394 1957 Ita
1410 1918 1620 1958 observatio
1640 1921 1762 1968 aliqua
1782 1919 1891 1969 pusil-

287 1979 335 2025 la,
365 1990 481 2026 eaque
509 1973 1010 2027 quandoqueinstrumento,
1040 1976 1268 2025 quandoque
1288 1977 1415 2023 oculo,
1442 1973 1668 2027 quandoque
1690 1976 1834 2025 calculo
1846 1977 1896 2027 ti·

288 2033 435 2079 tubans,
464 2042 632 2080 quaeque
654 2026 767 2082 possit
793 2030 861 2067 effe
890 2041 1040 2082 propter
1066 2043 1192 2068 veram
1221 2032 1386 2079 aliquem
1410 2032 1450 2068 in
1482 2031 1594 2067 coelo
1624 2021 1893 2077 mutationem,

289 2098 412 2125 novos
433 2087 571 2134 coelos,
602 2088 638 2123 &
667 2096 782 2122 novas
810 2085 987 2134 sphaeras,
1016 2087 1053 2123 ὅ(
1075 2087 1235 2124 circulos
1261 2084 1403 2124 excitat.
1459 2086 1596 2134 Neque
1618 2085 1710 2125 haec
1731 2096 1779 2122 eo
1805 2084 1893 2122 dici-

290 2155 374 2180 mus
401 2142 505 2193 quod
528 2139 667 2178 remitti
688 2140 820 2178 debeat
842 2139 964 2190 aliqua
987 2139 1161 2178 industria
1190 2140 1497 2178 observationum
1513 2142 1550 2177 &
1564 2140 1747 2186 historiae,
1777 2152 1893 2190 quam

288 2197 469 2235 omnibus
497 2196 621 2233 modis
637 2194 842 2232 acuendam
866 2198 902 2232 ὃ(
917 2195 1188 2233 intendendam
1203 2195 1272 2233 effe
1286 2196 1457 2241 dicimus,
1486 2194 1547 2231 sed
1562 2191 1835 2232 tantummodo
1849 2205 1893 2233 ut

289 2252 508 2290 adhibeatur
535 2251 741 2301 prudentia,
773 2251 811 2287 δε
838 2249 984 2288 summa
1008 2252 1044 2288 &
1072 2250 1192 2288 sedata
1219 2249 1345 2297 judicii
1378 2251 1582 2296 maturitas,
1611 2248 1650 2286 in
1677 2248 1893 2295 abjiciendis

291 2318 354 2345 aut
380 2307 569 2344 mutandis
592 2304 866 2357 hypothesibus.
924 2307 1051 2354 Itaque
1074 2305 1251 2357 patefasta
1274 2307 1348 2351 jam
1370 2304 1423 2344 via
1446 2305 1491 2341 de
1513 2305 1678 2342 motibus
1693 2303 1774 2354 ipsis
1796 2304 1890 2342 dice-

290 2374 374 2399 mus
395 2375 509 2415 pauca
531 2364 568 2399 ὅ(
591 2362 631 2398 in
654 2372 802 2411 genere.
859 2362 1033 2413 Qatuor
1055 2371 1182 2398 autem
1210 2373 1344 2411 genera
1364 2360 1433 2397 ess‘e
1452 2358 1608 2396 diximus
1623 2370 1801 2397 motuum
1815 2371 1891 2396 ma-

288 2420 412 2464 jorum
428 2418 469 2454 in
497 2415 723 2453 coelestibus.
779 2416 936 2453 Motum
951 2427 1017 2467 per
1044 2415 1275 2465 profundum
1308 2416 1405 2452 coeli
1426 2415 1668 2451 attollentem
1695 2417 1732 2452 &
1760 2410 1891 2456 demit-

289 2482 451 2513 tentem3
480 2481 632 2508 motum
659 2483 727 2522 per
753 2469 988 2508 latitudinem
1008 2468 1151 2507 zodiaci
1177 2471 1426 2522 expatientem
1454 2470 1499 2506 ad
1529 2467 1690 2506 austrum
1719 2465 1891 2514 &s'boress‘

289 2538 368 2568 am3
398 2537 549 2564 motum
575 2538 641 2578 per
664 2526 972 2575 consequentiam
1004 2523 1146 2562 zodiaci
1173 2526 1304 2572 eitum,
1333 2524 1494 2571 tardum,
1523 2519 1821 2575 progressivumrf
1836 2518 1893 2562 re·

287 2582 521 2631 trogradum,
550 2578 754 2623 statarium3
784 2584 821 2619 δε
843 2590 994 2618 motum
1013 2580 1265 2630 elongationis
1279 2592 1299 2616 a
1314 2578 1403 2617 sole.
1460 2581 1596 2627 Neque
1620 2577 1771 2624 objiciat
1794 2578 1891 2628 quis-

286 2636 398 2689 piam,
426 2647 576 2673 motum
599 2635 708 2673 iilum
730 2636 936 2674 secundum
958 2634 1165 2672 latitudinis
1189 2631 1259 2674 sive
1278 2634 1491 2673 draconum
1514 2632 1669 2683 potuisse
1693 2633 1822 2672 referri
1843 2635 1891 2673 ad

288 2700 440 2728 motum
471 2692 579 2727 illum
598 2702 780 2740 magnum
803 2689 1022 2737 cosmicum,
1058 2701 1147 2727 cum
1176 2688 1218 2727 sit
1246 2688 1443 2727 inclinatio
1470 2690 1655 2726 alternans
1681 2688 1890 2732 versusiau-

287 2745 403 2784 strum
419 2746 456 2782 ὅ(
479 2745 646 2793 boream,
674 2747 778 2798 quod
794 2748 829 2783 δ(
853 2744 964 2795 spirae
980 2745 1065 2782 illae
1092 2745 1139 2782 de
1165 2746 1313 2796 tropico
1330 2746 1369 2782 in
1396 2743 1582 2796 tropicum
1599 2740 1766 2780 similiter
1792 2742 1891 2791 sunt,

289 2799 355 2839 nisi
378 2800 481 2850 quod
505 2798 567 2836 ille
589 2810 716 2838 motus
739 2799 780 2838 sit
800 2811 948 2838 tantum
967 2799 1120 2852 spiralis,
1148 2800 1210 2837 iste
1226 2811 1318 2838 vero
1341 2798 1453 2837 etiam
1477 2796 1641 2834 sinuosus
1670 2799 1707 2834 ὃς
1735 2799 1891 2836 minori.-

289 2857 358 2894 bus
383 2856 508 2892 multo
536 2855 746 2893 intervallis.
804 2857 941 2904 Neque
968 2856 1072 2892 enim
1101 2855 1175 2892 hoc
1203 2866 1274 2892 nos
1303 2853 1410 2903 fugit.
1467 2853 1540 2890 Sed
1565 2853 1674 2900 plane
1698 2850 1890 2891 nonsmst

289 2909 460 2949 constans
479 2910 516 2946 &
538 2919 736 2960 perpetuus
760 2921 887 2948 motus
909 2910 997 2947 solis
1023 2911 1065 2946 in
1088 2910 1259 2962 ecliptica
1279 2908 1415 2956 absque
1443 2905 1639 2944 latitudine
1654 2910 1690 2944 ὃ(
1712 2907 1890 2955 draconi.—

290 2966 370 3013 bus,
398 2963 462 3014 qui
488 2974 618 3001 tamen
652 2963 707 3000 sol
731 2966 990 3002 communicat
1017 2976 1106 3002 cum
1134 2965 1288 3002 caeteris
1314 2963 1473 3015 planetis
1499 2961 1624 3012 quoad
1654 2961 1762 3011 spiras
1783 2963 1890 3001 inter

286 3019 464 3071 tropicos,
493 3030 564 3056 nos
579 3019 619 3054 in
633 3017 701 3055 hac
725 3018 907 3068 opinione
921 3018 1064 3058 versari.
1120 3020 1248 3067 Itaque
1263 3016 1322 3054 alii
1345 3017 1469 3054 fontes
1493 3018 1530 3052 &
1552 3015 1662 3062 hujus
1676 3016 1889 3065 &reliquo-

286 3088 371 3116 rum
392 3073 508 3114 trium
530 3083 708 3112 motuum
731 3074 931 3124 quaerendi
955 3073 1051 3112 sunt.
1106 3073 1238 3123 Atque
1261 3071 1350 3111 haec
1372 3071 1457 3109 sunt
1486 3068 1548 3109 illa
1572 3083 1667 3122 quae
1688 3070 1890 3124 circamo-

532 3142 538 3146 -
668 3140 670 3143 ·
1692 3139 1715 3144 η
1827 3135 1887 3163 tus
