1973 3570
256 218 357 265 ET
403 209 915 266 DEMOCRITI
963 206 1577 267 PHILOSOPHIA.

119 325 297 372 illalatet,
321 324 410 363 haec
431 324 512 362 fluit
528 342 542 367 ,—
587 325 701 362 altera
725 335 805 361 non
833 334 910 361 tam
941 323 1090 362 fortiter
1116 321 1349 374 impingitur,
1386 325 1499 364 altera
1526 339 1605 366 non
1634 338 1713 368 tam

117 379 326 418 constanter
340 380 520 417 inhaeret.
575 379 761 428 Imagines
790 388 918 416 autem
948 379 1033 417 illae
1066 389 1210 426 contra,
1240 382 1278 417 δε
1308 379 1520 419 manifestae
1554 387 1590 422 ὅ(
1622 397 1711 422 con-

115 433 247 472 stantes
261 444 465 487 putantur3
494 434 590 472 adeo
611 444 652 472 ut
667 432 821 471 materia
846 435 908 471 illa
925 435 1046 484 prima
1067 436 1104 471 &
1132 436 1360 483 communis,
1390 445 1569 485 tanquam
1597 440 1710 477 acces-

114 488 253 526 sorium
275 489 455 540 quiddam
470 491 652 536 videatur,
676 491 713 526 ὅ(
736 489 826 526 loco
845 488 1141 529 suffulcimenti;
1183 489 1281 526 aetio
1300 500 1426 528 autem
1455 494 1604 540 quaevis
1633 505 1712 532 tan-

114 555 228 593 quam
243 546 435 581 emanatio
458 555 607 583 tantum
629 557 649 581 a
676 544 801 581 forma
815 560 830 586 ς
872 553 982 593 atque
1003 543 1151 594 prorsus
1170 545 1312 595 primae
1341 555 1462 597 partes
1489 547 1623 584 formis
1649 550 1708 586 dc-

112 598 291 637 ferantur.
346 599 475 650 Atque
494 599 583 636 hinc
602 598 740 636 fluxiffe
753 598 899 636 videtur
922 598 1134 636 formarum
1163 597 1381 636 &idearum
1402 612 1561 651 regnum
1590 601 1628 641 in
1658 602 1707 642 es-

111 652 252 700 sentiis,
275 654 429 691 materia
453 653 589 691 scilieet
603 652 725 691 addita
744 653 903 701 quadam
918 653 1151 704 phantastica.
1208 654 1329 691 Aucta
1346 654 1460 693 etiam·
1480 655 1562 695 sunt
1577 657 1636 695 ista
1652 658 1706 696 su-

109 707 323 762 perstitione
350 710 535 746 nonnulla
557 707 753 758 (errorem,
774 708 1113 760 intemperantiam,
1139 718 1180 746 ut
1203 709 1256 756 fit,
1281 708 1418 757 secuta)
1454 712 1490 749 ὅ(
1519 711 1620 750 ideae
1648 715 1706 751 ab-

107 763 256 800 stractae
278 775 432 812 quoque
455 763 702 809 introductae,
731 765 768 801 &
793 775 921 801 earum
940 762 1162 814 dignitate55
1202 773 1304 802 tanta
1320 765 1548 804 confidentia
1567 770 1603 804 ὃς
1632 780 1707 806 ma-

108 817 242 865 iestate,
265 829 309 856 ut
335 818 472 856 cohors
496 818 768 856 somniantium
795 817 990 868 vigilantes
1013 818 1091 856 fere
1116 820 1343 870 oppresserit.
1401 821 1547 859 Verum
1577 821 1639 861 ista
1665 835 1705 861 ut

108 873 318 926 plurimum
352 884 595 921 evanuerunt,
629 875 716 911 licet
745 872 866 920 alicui,
903 873 1032 911 nostro
1063 874 1139 912 hoe
1175 874 1332 922 sacculo,
1367 886 1475 914 curae
1499 876 1622 925 fuerit,
1663 891 1706 917 ea

107 927 243 978 sponte
255 926 482 976 inclinantia,
505 929 638 967 fulcire
661 930 698 966 ὃ(
713 930 869 966 excitare
895 929 1038 975 majore
1066 929 1153 967 ausu
1179 928 1238 980 (ut
1265 929 1371 968 nobis
1390 931 1555 982 videtur)
1589 935 1704 980 quam

106 982 242 1021 fructu.
299 983 445 1021 Verum
465 995 579 1033 quam
601 993 743 1032 praeter
763 982 949 1021 rationem
970 986 1124 1022 materia
1148 983 1317 1022 abstracta
1336 987 1563 1037 principium
1586 993 1703 1038 pona-

103 1047 170 1076 tur
203 1034 288 1088 (nisi
310 1032 456 1076 obstent
479 1037 714 1091 praejudicia)
738 1037 845 1076 facile
868 1037 1101 1089 perspicitun
1150 1039 1298 1078 Formas
1320 1037 1497 1092 siquidem
1527 1041 1706 1092 separatas

77 1100 80 1102 ’
106 1092 260 1145 quidam
296 1093 378 1130 aem
407 1091 594 1131 subsistere
617 1093 834 1145 posuerunt,
862 1094 1059 1131 materiam
1091 1093 1293 1146 separatam
1324 1107 1472 1138 nemo3
1514 1109 1562 1135 ne
1584 1111 1626 1136 ex
1651 1099 1704 1147 iis,

107 1148 288 1198 qui‘eam
318 1158 359 1185 ut
400 1147 628 1201 principium
655 1148 929 1189 adhibuerunt3
974 1158 1086 1196 atque
1125 1160 1168 1186 ex
1205 1149 1313 1186 rebus
1341 1151 1570 1201 phantasticis
1605 1155 1704 1193 entia

105 1200 330 1241 constituere
353 1202 490 1240 durum
511 1202 656 1240 videtur
685 1213 727 1240 ae
755 1202 980 1254 perversum,
1012 1214 1134 1254 neque
1172 1201 1404 1252 inquisitioni
1431 1206 1478 1243 de
1509 1207 1702 1258 principiis

102 1256 331 1296 consonum.
390 1259 528 1306 Neque
547 1259 652 1294 enim
666 1256 855 1306 quaeritur
870 1257 1072 1306 quomodo
1093 1267 1266 1295 naturam
1279 1257 1426 1302 entium
1442 1262 1700 1302 commodissi-

100 1324 168 1350 me
195 1312 426 1362 cogitatione
451 1312 758 1362 complectamur,
785 1321 848 1349 aut
882 1311 1159 1361 distinguamus,
1190 1313 1251 1350 sed
1284 1325 1379 1362 quae
1400 1312 1470 1352 ssnt
1494 1329 1578 1353 vere
1601 1322 1701 1357 entia

106 1368 228 1420 prima
247 1369 284 1404 δε
306 1366 466 1405 maxime
485 1365 672 1419 simplicia,
704 1380 746 1404 ex
772 1367 906 1416 quibus
935 1378 1080 1405 caetera
1097 1366 1321 1406 deriventur.
1379 1370 1551 1407 Primum
1574 1384 1700 1411 autem

102 1435 171 1461 ens
189 1434 271 1460 non
286 1421 409 1460 minus
421 1434 508 1460 vere
527 1422 638 1460 debet
652 1422 813 1469 existere,
828 1434 943 1471 quam
957 1435 1051 1471 quae
1067 1435 1110 1460 ex
1125 1435 1172 1461 eo
1187 1423 1310 1461 fluunt
1325 1424 1613 1473 quodammodo
1630 1439 1704 1466 m:-

102 1476 167 1529 gis.
224 1477 529 1527 Authupostaton
544 1476 646 1514 enim
661 1476 720 1523 est,
742 1479 779 1514 ὃ(
790 1488 856 1528 per
870 1476 944 1515 hoc
961 1476 1110 1526 reliqua.
1150 1477 1207 1515 At
1222 1490 1316 1527 quae
1332 1480 1507 1517 dicuntur
1526 1482 1571 1518 de
1588 1494 1702 1522 mate-

104 1532 155 1572 'ria
173 1530 236 1569 illa
250 1532 431 1578 abstracta,
447 1544 528 1569 non
543 1533 669 1569 multo
684 1533 841 1569 meliora
857 1531 955 1578 sunt,
974 1544 1086 1580 quam
1103 1531 1128 1570 fi
1142 1535 1225 1582 quis
1240 1534 1428 1571 mundum
1444 1537 1480 1572 δ(
1497 1548 1563 1583 reS,
1584 1550 1626 1575 ex
1646 1552 1700 1578 ea-

101 1586 256 1637 tegoriis
272 1589 309 1624 &
324 1587 537 1633 hujusmodi
558 1587 756 1624 dialefflcis
783 1586 1016 1634 notionibus,
1041 1598 1220 1637 tanquam
1249 1601 1292 1626 ex
1323 1588 1526 1641 principiis,
1554 1591 1633 1629 fieri
1651 1594 1695 1631 as

103 1643 206 1680 serat.
262 1643 397 1679 Parum
412 1644 516 1679 enim
539 1641 696 1688 interest,
719 1652 849 1680 utrum
864 1641 944 1690 quis
964 1643 1152 1680 mundum
1165 1641 1244 1680 fieri
1268 1656 1310 1680 ex
1333 1644 1483 1681 materia
1503 1648 1539 1682 ὅ(
1563 1647 1696 1696 forma,

103 1700 141 1745 ὅ(
166 1695 372 1747 privatione
388 1697 495 1743 dicat,
519 1709 566 1734 an
595 1710 637 1734 ex
658 1696 852 1734 substantia
882 1699 918 1734 ὅ(
947 1697 1182 1746 qualitatibus
1201 1697 1402 1735 contrariis.
1463 1701 1534 1737 Sed
1563 1707 1698 1740 omnes

101 1746 179 1790 fere
201 1754 358 1801 antiqui,
380 1749 640 1804 Empedocles,
666 1751 941 1804 Anaxagoras,
967 1750 1246 1800 Anaximenes,
1274 1751 1519 1802 Heraclitus,
1552 1754 1696 1795 Demo-

103 1808 238 1854 critus,
258 1808 305 1845 de
318 1809 471 1845 materia
486 1809 605 1857 prima
620 1806 658 1844 in
674 1809 824 1844 caeteris
834 1804 1058 1854 diffidentes,
1075 1809 1115 1845 in
1130 1809 1203 1846 hoc
1223 1820 1492 1857 convenerunt,
1509 1813 1611 1858 quod
1623 1825 1696 1851 ma-

105 1864 239 1902 teriam
256 1863 424 1909 affivam,
439 1862 562 1900 forma
580 1863 779 1908 nonnulla,
803 1864 840 1899 ὅ(
866 1862 1032 1900 formam
1064 1862 1165 1901 suam
1194 1863 1482 1913 dispensantem,
1512 1877 1622 1914 atque
1643 1870 1697 1905 in-

104 1928 158 1956 tra
181 1917 216 1954 se
234 1915 461 1969 principium
476 1927 603 1954 motus
627 1917 838 1963 habentem,
853 1916 1069 1967 posuerunt.
1128 1920 1265 1967 Neque
1279 1920 1386 1956 aliter
1412 1919 1585 1968 cuiquam
1611 1925 1696 1971 opi-

105 1973 186 2011 nari
206 1971 340 2019 licebit,
363 1973 429 2021 qui
453 1984 533 2009 non
558 1972 804 2024 experientiae
827 1974 936 2022 plane
961 1972 1126 2011 desertor
1146 1974 1216 2010 ess'e
1240 1975 1340 2011 velit.
1398 1976 1525 2023 Itaque
1552 1977 1590 2013 hi
1612 1990 1695 2015 om-

104 2039 169 2066 nes
183 2036 352 2065 mentem
369 2028 475 2064 rebus
490 2026 750 2065 submiserunt.
807 2027 862 2064 At
878 2025 1002 2065 Plato
1022 2028 1210 2066 mundum
1231 2028 1532 2078 cogitationibus,
1548 2030 1694 2081 Arg‘ssso-

103 2080 201 2122 teles
219 2094 310 2121 vero
323 2083 436 2119 etiam
459 2081 704 2131 cogitationes
723 2082 855 2129 verbis,
881 2083 1164 2128 adjudicat-unm
1206 2085 1442 2133 vergentibus
1471 2087 1584 2123 etiam
1612 2098 1696 2125 tum

104 2138 310 2176 hominum
332 2136 514 2174 studiisad
529 2136 794 2188 disputationes
812 2139 849 2175 &
864 2136 1065 2185 sermoneS,
1091 2140 1128 2175 &
1157 2140 1320 2176 veritatis
1343 2138 1622 2188 inquisitionem
1644 2143 1694 2179 se-

103 2195 288 2231 veriorem
304 2191 444 2230 miss'am
460 2190 687 2229 facientibus.
745 2193 871 2244 Quare
891 2192 1107 2238 hujusmodi
1134 2192 1266 2243 placita
1288 2197 1406 2244 magis
1440 2204 1528 2231 toto
1556 2209 1695 2244 genere

104 2247 418 2298 reprehendenda,
436 2259 548 2296 quam
569 2246 717 2297 proprie
737 2247 966 2288 confutanda
981 2247 1161 2285 videntur.
1221 2250 1315 2286 Sunt
1335 2251 1438 2286 enim
1459 2261 1602 2297 eorum,
1626 2251 1692 2297 qui

103 2303 270 2341 multum
298 2303 404 2351 loqui
420 2304 567 2348 volunt,
597 2304 634 2339 &
669 2313 799 2351 parum
828 2301 930 2339 scire.
986 2301 1117 2350 Atque
1150 2303 1320 2340 abstraCta
1356 2301 1419 2339 ista
1461 2307 1615 2341 materia
1643 2307 1692 2344 est

42 2383 46 2390 -
103 2359 258 2395 materia
278 2357 586 2409 disputationum,
616 2369 696 2394 non
716 2355 885 2393 universi.
942 2358 1087 2394 Verum
1106 2356 1174 2394 rite
1189 2359 1226 2395 ὅ(
1241 2358 1373 2395 ordine
1398 2357 1687 2408 philosophanti,

105 2417 256 2450 naturae
275 2412 384 2464 plane
403 2412 570 2449 facienda
601 2412 650 2449 est
686 2410 850 2448 diss'estio
879 2424 960 2448 non
989 2408 1180 2449 abstraCiio
1210 2412 1286 2460 (qui
1311 2423 1435 2450 autem
1459 2413 1577 2451 secare
1604 2413 1688 2452 carri

101 2468 254 2514 nolunt,-
275 2466 476 2505 abstrahere
500 2464 703 2517 coguntur)
726 2476 836 2514 atque
850 2467 1016 2503 omnino
1039 2465 1191 2504 materia
1205 2469 1323 2517 prima
1338 2468 1510 2517 ponenda
1526 2469 1574 2506 est
1598 2476 1686 2508 con*

102 2523 227 2570 junsta
240 2534 327 2559 cum
343 2521 466 2559 forma
480 2521 609 2571 prima,
641 2533 682 2559 ac
702 2523 816 2558 etiam
840 2533 928 2558 cum
956 2519 1142 2572 principio
1169 2533 1296 2559 morus
1319 2524 1456 2574 primo,
1483 2534 1525 2561 ut
1550 2523 1690 2563 inveni-

102 2586 174 2617 tur.
229 2578 384 2615 Nam&
403 2587 529 2613 motus
549 2588 702 2626 quoque
730 2574 918 2613 abstractio
946 2575 1106 2613 infinitas
1133 2575 1332 2626 phantasias
1359 2579 1513 2629 peperit,
1546 2578 1592 2616 de
1617 2582 1694 2617 ani-

103 2632 187 2678 mis,
209 2630 293 2669 vitis
312 2634 347 2669 ὅ(
371 2629 559 2678 similibus,
583 2644 624 2669 ac
643 2630 669 2668 fi
690 2630 731 2668 iis
745 2643 808 2680 per
822 2629 1016 2667 materiam
1042 2633 1078 2667 &
1093 2631 1256 2669 formam
1289 2645 1369 2668 non
1398 2632 1594 2681 satisfieret,
1629 2634 1691 2672 sed

103 2686 236 2734 exsuis
268 2688 428 2738 propriis
451 2687 656 2735 penderent
679 2684 741 2724 illa
767 2684 961 2735 principiis.
1019 2686 1090 2723 Sed
1118 2686 1207 2724 haec
1240 2686 1307 2726 tria
1337 2688 1446 2725 nullo
1474 2689 1595 2726 modo
1624 2689 1690 2727 dis-

101 2743 295 2792 cerpenda,
320 2741 381 2778 sed
404 2742 675 2779 tantummodo
696 2739 976 2790 distinguendas
1019 2751 1131 2789 atque
1151 2740 1334 2779 afferenda
1362 2742 1513 2780 materia
1539 2742 1688 2793 (qualill

101 2798 249 2846 ‘cunque
271 2809 313 2833 ea
334 2793 394 2845 fit)
425 2797 475 2833 ita
489 2800 634 2842 o'rnata,
658 2798 695 2833 ὃ(
721 2805 901 2846 apparata,
918 2797 954 2832 &
982 2795 1153 2843 formata,
1178 2807 1218 2834 ut
1241 2798 1367 2835 omnis
1381 2796 1507 2845 virtus,
1527 2797 1684 2844 essentia,-

83 2851 211 2898 ἀέξω,
229 2862 339 2900 atque
355 2862 481 2888 motus
496 2849 669 2888 naturalis
684 2852 760 2896 ejus
779 2849 998 2887 consecutio
1026 2852 1062 2888 ὃ(
1077 2851 1264 2889 emanatio
1281 2851 1348 2889 effe
1368 2848 1491 2902 posfit.
1549 2852 1686 2900 Neque

101 2910 296 2956 propterea
316 2906 577 2952 metuendum,
602 2918 650 2942 ne
682 2918 736 2942 res
755 2915 940 2956 torpeant,-
969 2915 1033 2942 aut
1056 2907 1210 2944 varietas
1243 2906 1316 2953 ista,
1344 2919 1458 2955 quam
1485 2907 1684 2954 cernimus,

61 2962 66 2965 '
102 2959 363 3011 eitpli'carinon
377 2958 503 3012 possit‚
524 2968 566 2998 ut
580 2959 702 3012 postea
714 2957 943 2998 docebimus.
999 2960 1126 3009 Atque
1154 2962 1258 3010 quod
1287 2964 1440 2999 materia
1467 2959 1583 3012 prima
1609 2959 1686 2998 for·

103 3026 166 3051 ma
180 3016 364 3052 nonnulla
380 3013 431 3062 fit,
446 3016 718 3053 demonstratur
732 3026 751 3051 a
775 3015 948 3064 parabola
970 3015 1009 3051 in
1025 3015 1110 3062 hoc,
1129 3017 1233 3064 quod
1257 3014 1459 3068 Cupidinis
1485 3014 1534 3051 est
1561 3015 1683 3066 perso-

102 3082 152 3106 na
166 3070 357 3117 quaedam.
413 3072 466 3109 Ita
481 3081 608 3108 tamen
630 3080 672 3106 ut
700 3067 851 3105 materia
879 3081 921 3105 cx
950 3078 1038 3106 roto
1062 3068 1131 3107 sive
1157 3071 1267 3108 mass'a
1287 3071 1461 3108 materiae
1489 3069 1683 3118 quondam

43 3131 46 3135 '
104 3123 279 3161 informis
292 3123 404 3162 fuerit
424 3138 434 3160 z
475 3122 603 3162 Chaos
617 3124 719 3162 enim
728 3123 925 3163 'informe5
968 3122 1111 3176 Cupido
1129 3125 1284 3177 'persona
1306 3123 1498 3177 quaedam.
1533 3122 1684 3171 *Atque

158 3179 274 3215 Vox..
301 3178 347 3217 Π.
907 3177 964 3215 Ss
986 3189 1006 3216 2
1593 3177 1682 3217 hacc

1779 223 1812 287 ‘3
1826 229 1883 288 2'3
