1973 3570
171 288 245 338 90*

479 270 944 320 HISTORIA
1004 271 1264 317 DENSI
1316 269 1416 316 ET
1470 272 1690 317 RARI.

310 381 439 418 nuem,
468 368 529 407 sed
543 369 671 407 album
691 370 728 405 &
743 365 841 416 quali
859 368 1028 405 lathum.
1090 369 1161 405 Sed
1181 368 1373 419 postquam
1390 367 1572 418 paulisper
1589 366 1763 404 resederit
1784 369 1908 417 liquor

313 430 350 465 ὅ(
371 425 565 465 refrixerit,
593 424 820 471 ejaculantur
847 420 930 469 (five
951 423 1024 460 lioc
1044 433 1193 460 emanet
1219 436 1260 459 cx
1286 424 1455 468 metallo,
1484 420 1554 459 five
1575 435 1618 459 ex
1641 434 1745 470 aqua,
1775 421 1845 460 five
1869 437 1912 461 ex

313 481 488 530 utroque)
506 479 688 529 fragmina
702 478 869 527 glacialia
884 478 980 514 intra
992 490 1126 529 corpus
1141 490 1275 526 aquae:
1304 477 1496 529 postquam
1524 488 1649 514 autem
1678 489 1741 526 per
1763 490 1913 515 moram

315 537 532 585 longiorem
560 535 708 586 penitus
732 532 919 578 resederit,
955 533 1128 569 clarificat
1158 532 1192 569 se
1216 533 1353 580 liquor,
1392 535 1428 569 &
1454 532 1604 569 devenit
1630 533 1747 568 clarus
1771 535 1807 569 ὅ(
1836 541 1935 582 cry-'

318 592 493 635 staffinus,
523 588 673 626 demissa
693 590 810 636 glaeie
825 589 865 624 in
885 588 1059 624 fundum.
1117 587 1275 625 Sustinet
1296 599 1388 635 aqua
1408 586 1681 633 onerationem,
1712 588 1859 635 qualem
1875 589 1916 624 in

317 658 423 692 auro,
444 647 480 681 δί
494 644 534 681 fit
549 643 741 681 dissolutio
756 640 864 679 fimili
880 642 956 679 fere
972 644 1108 689 calore,
1129 655 1198 680 nec
1212 643 1358 692 colligit
1374 643 1540 680 calorem
1554 653 1618 692 per
1633 652 1785 679 niotum
1800 644 1918 692 magis

318 712 432 750 quam
452 711 594 736 aurum.

375 757 411 791 6.
442 754 628 790 Acelrss
662 763 818 801 cuprum
847 753 887 788 in
922 752 1115 789 brasteolis
1143 752 1186 788 ad
1215 753 1362 801 pondus
1398 752 1482 788 den.
1516 763 1547 788 1.
1592 764 1706 800 aquae
1735 751 1843 788 fortis
1871 750 1919 789 ad

321 810 469 861 pondus
489 808 573 843 den.
600 808 636 843 6.
692 808 806 843 Mitte
827 807 931 855 super
955 806 1137 843 foculum.
1193 806 1360 855 insurget
1384 818 1540 857 cuprum
1557 807 1597 843 in
1621 807 1771 843 bullulis
1791 803 1861 844 five
1885 818 1920 843 a·

329 864 467 901 renulis
494 862 697 905 majoribus
730 861 848 896 adhuc
876 871 988 907 quam
1021 871 1230 909 argentum.
1284 862 1402 898 Paulo
1430 861 1508 909 post
1537 863 1800 910 incorporatur
1832 872 1921 898 cum

323 930 427 966 aqua,
458 919 493 952 ὅ(
509 927 641 963 corpus
657 915 895 951 commistum
912 916 1067 951 vertitur
1090 917 1128 951 in
1147 916 1332 963 liquorem
1356 917 1586 962 coeruleum,
1615 916 1828 956 turbidum3
1859 916 1920 952 sed

325 972 516 1020 postquam
543 969 729 1013 resederit,
760 969 933 1006 clarificat
950 970 984 1006 sc
1010 969 1166 1006 aetheris
1191 969 1299 1006 instar
1315 972 1353 1006 in
1379 971 1609 1016 coeruleum,
1638 970 1849 1022 pulchrum,
1884 973 1921 1007 ὅ(

326 1024 574 1075 splendidum,
602 1020 767 1060 demissis
791 1025 830 1060 in
851 1025 1011 1061 fundum
1038 1024 1199 1062 faecibus
1227 1024 1334 1062 instar
1363 1026 1534 1076 pulveriss,
1565 1037 1656 1072 quae
1681 1036 1806 1061 tamen
1827 1024 1923 1074 ipsae

324 1093 390 1132 per
407 1091 554 1116 moram
576 1080 867 1123 imminuuntur,
899 1081 933 1115 δε
959 1078 1172 1125 ascendunt,
1203 1082 1239 1116 ὃ(
1255 1082 1555 1128 incorporantur.
1613 1081 1668 1116 At
1691 1080 1775 1116 den.
1794 1080 1848 1115 illi
1864 1078 1924 1116 sex

325 1146 440 1183 aquae
469 1134 578 1171 fortis
602 1132 748 1170 solvunt
778 1134 862 1170 den.
887 1143 1013 1170 totum
1036 1137 1152 1183 cupri,
1190 1145 1230 1172 ut
1258 1134 1425 1171 sustineat
1451 1135 1484 1170 se
1513 1137 1661 1171 onerari
1687 1147 1777 1182 aqua
1806 1134 1926 1183 duplo

325 1191 407 1239 plus
433 1200 545 1236 quani
572 1189 612 1224 in
637 1200 728 1224 auro
755 1191 790 1225 δε
816 1199 983 1237 argento.
1044 1190 1226 1240 Concipit
1256 1200 1381 1226 autem
1412 1190 1604 1226 diffolutio
1631 1192 1732 1238 cupri
1760 1191 1925 1224 calorem

326 1243 563 1280 manifestum
589 1255 653 1294 pcr
679 1244 886 1279 tumultum
912 1244 1146 1291 interiorem,
1176 1246 1288 1281 etiam
1317 1255 1515 1292 antequam
1539 1244 1779 1282 admoveatur
1804 1244 1847 1280 ad
1873 1245 1924 1292 ig-

326 1310 426 1335 nem.

383 1363 420 1401 7.
451 1353 488 1388 A
500 1363 638 1389 CCIPE
668 1352 836 1390 stannum
853 1355 890 1390 in
909 1354 1104 1391 bracteolis
1120 1354 1162 1390 ad
1180 1353 1325 1403 pondus
1338 1354 1421 1390 den.
1449 1364 1481 1389 Ι,
1499 1365 1611 1401 aquae
1627 1353 1735 1390 fortis
1752 1355 1793 1389 ad
1808 1353 1923 1402 pond.

329 1408 413 1444 den.
434 1418 467 1457 3.
497 1409 531 1443 ὅ(
548 1408 704 1443 vertitur
728 1418 853 1444 totum
871 1411 1065 1446 metallum
1088 1411 1126 1444 in
1151 1420 1285 1457 corpus
1302 1406 1417 1444 simile
1438 1408 1523 1444 flori
1546 1409 1644 1444 latiis
1666 1420 1725 1445 aut
1743 1411 1926 1456 coa5ul03

330 1474 399 1499 nec
416 1462 523 1498 facilc
542 1461 575 1497 se
592 1461 784 1502 clarificam
814 1465 849 1499 Se
865 1465 1029 1514 concipit
1045 1461 1116 1499 fine
1133 1465 1219 1511 igne
1235 1464 1399 1499 calorem
1415 1463 1661 1499 manifestum.

389 1516 423 1552 8.
454 1515 638 1552 AcmPE
660 1515 748 1552 ferri
775 1519 814 1553 in
839 1518 987 1554 laminis
1010 1518 1124 1567 pond.
1147 1518 1342 1553 denarium
1368 1529 1499 1563 unum,
1538 1529 1651 1565 aquae
1674 1517 1782 1554 fortis
1808 1518 1925 1566 pond.

331 1571 415 1608 den.
433 1582 471 1617 9.
497 1573 533 1606 ἃ
548 1568 621 1606 fine
639 1572 724 1619 igne
749 1570 862 1621 surgit
880 1573 1021 1610 ferrum
1042 1574 1081 1608 in
1098 1574 1243 1621 magnis
1264 1573 1385 1619 bullis,
1415 1583 1494 1608 non
1509 1582 1656 1608 tantum
1677 1573 1774 1608 intra
1791 1584 1925 1623 corpus

330 1637 457 1673 aquae,
488 1624 548 1660 sed
565 1624 680 1673 supra,
709 1626 804 1662 adeo
820 1636 858 1663 ut
875 1628 1026 1664 ebulliat
1047 1637 1146 1663 extra
1162 1639 1204 1663 os
1218 1628 1317 1672 vitri,
1347 1637 1457 1674 atque
1473 1626 1620 1675 insuper
1637 1629 1784 1664 emittat
1801 1628 1927 1676 copio-

335 1680 416 1716 sum
432 1682 467 1716 ὃ(
483 1678 638 1716 densum
654 1679 803 1717 fumum
819 1693 1016 1722 croceum3
1046 1682 1157 1730 idque
1172 1694 1259 1719 cum
1273 1683 1439 1718 maximo
1454 1682 1619 1718 tumultu
1635 1684 1670 1718 ὃς
1685 1684 1807 1719 calore
1823 1681 1929 1719 velie-

332 1730 580 1780 mentissimo‚
610 1736 646 1770 ὅ(
667 1737 816 1782 qualem
833 1749 964 1774 manus
979 1749 1060 1774 non
1076 1737 1254 1774 sustineat.

383 1787 592 1826 Monitum.
624 1790 828 1827 DUBIUM
852 1804 931 1828 non
948 1792 1006 1838 est,
1036 1794 1128 1840 quin
1144 1792 1238 1830 vires
1253 1792 1373 1829 variae
1389 1803 1568 1839 aquarum
1589 1790 1747 1829 fortium
1768 1790 1928 1828 diverso-

329 1856 413 1881 rum
428 1855 621 1892 generum,
650 1847 688 1882 &
703 1845 809 1882 modi
826 1847 922 1896 ignis
938 1845 1007 1885 five
1023 1848 1169 1894 caloris,
1199 1848 1264 1895 qui
1280 1846 1488 1893 adhibetur,
1520 1845 1597 1882 istas
1613 1856 1798 1898 aperturas
1815 1847 1929 1884 etiam

332 1900 470 1935 variare
490 1894 643 1949 possint.

329 1977 334 1981 -
386 1950 595 1990 Mandata.
627 1955 817 2006 QUALIS
836 1954 878 1994 fit
893 1954 954 1993 ista
969 1954 1139 1993 dilatatio
1155 1957 1396 1993 metallorum
1413 1967 1477 2006 per
1498 1965 1684 2004 aperturas
1703 1956 1932 1993 videndum:

333 2016 461 2044 utrum
476 2005 518 2043 fit
544 2008 652 2045 instar
672 2009 902 2048 dilatationis
917 2013 996 2049 auri
1019 2012 1153 2058 foliati,
1182 2023 1276 2060 quae
1296 2012 1344 2048 est
1367 2002 1732 2062 pseudo—rarelaelio,
1765 2011 1818 2056 (ut
1842 2023 1931 2047 mox

334 2061 529 2109 dicemus‚)
547 2064 633 2110 quia
647 2076 781 2113 corpus
801 2066 974 2103 dilatatur
989 2068 1115 2116 potius
1135 2067 1224 2104 loco
1245 2078 1357 2115 quam
1373 2065 1577 2112 substantia,
1607 2067 1722 2113 qualis
1736 2066 1868 2102 itidem
1884 2065 1932 2102 est

334 2116 505 2153 dilatatio
516 2119 732 2166 pulverum3
754 2132 800 2156 an
814 2133 938 2158 revera
953 2133 1086 2170 corpus
1098 2120 1217 2172 ipsum
1230 2122 1471 2158 metallorum
1484 2121 1659 2156 dilatetur
1672 2121 1710 2156 in
1724 2120 1930 2157 substantia.

334 2171 419 2207 Hoc
447 2171 663 2216 hujusmodi
691 2177 950 2223 experimento
979 2177 1128 2226 probari
1157 2176 1284 2226 potest.
1354 2176 1524 2212 Pondera
1552 2184 1748 2223 argentum
1778 2176 1933 2216 vivum;

336 2227 460 2274 excipe
483 2228 596 2263 etiam
628 2228 828 2265 modulum
852 2231 929 2275 ejus
948 2232 987 2267 in
1008 2229 1129 2268 situla:
1168 2231 1333 2280 pondera
1354 2229 1520 2267 {imiliter
1545 2241 1677 2277 aquam
1706 2229 1858 2276 fortem,
1897 2232 1934 2266 &

336 2281 461 2328 excipe
477 2281 677 2318 modulum
688 2283 765 2327 ejus
781 2281 820 2320 in
836 2286 948 2321 altera
964 2283 1085 2322 situla:
1115 2286 1252 2322 deinde
1261 2286 1414 2323 diss'olve
1431 2288 1466 2321 δε
1482 2286 1681 2333 incorpora
1693 2297 1733 2321 ea
1750 2285 1868 2321 modo
1880 2284 1933 2322 su-

336 2334 524 2381 pradicto:
553 2336 675 2386 postea
699 2339 866 2386 pondera
887 2341 1184 2389 incorporatum,
1214 2343 1250 2377 ὅ(
1272 2342 1434 2376 immitte
1450 2338 1541 2375 illud
1563 2340 1675 2375 etiam
1692 2341 1732 2376 in
1747 2339 1834 2376 duas
1855 2340 1935 2376 illas

338 2386 471 2433 fitulas,
508 2391 544 2425 ὅ(
569 2400 672 2436 nota,
708 2390 733 2427 fi
755 2394 902 2441 pondus
925 2397 962 2431 ὅ(
982 2394 1154 2431 mensura
1176 2393 1385 2446 compositi,
1425 2394 1468 2430 ad
1492 2394 1639 2441 pondus
1663 2396 1699 2431 ὃς
1721 2393 1934 2431 mensuram

339 2440 560 2493 simplicium
584 2445 671 2489 juste
688 2445 916 2495 respondeat.
974 2450 1192 2497 Delcgimus
1216 2460 1339 2486 autem
1364 2458 1562 2497 argentum
1587 2450 1713 2486 vivum
1729 2449 1772 2485 ad
1798 2450 1935 2500 experi-

339 2507 525 2544 mentum,
554 2500 639 2547 quia
660 2501 788 2537 minor
805 2502 852 2538 est
875 2503 1031 2553 suspicio
1047 2505 1198 2549 alicujus
1219 2504 1532 2554 consumptioniS,
1561 2515 1647 2540 cum
1668 2504 1730 2541 fiat
1745 2503 1937 2541 dissolutio

341 2549 416 2587 fine
435 2553 531 2600 igne.

390 2606 427 2642 V
438 2617 668 2645 IDENDUM
699 2608 849 2658 (obiter)
880 2622 1005 2648 utrum
1022 2611 1211 2650 dissolutio
1240 2611 1383 2662 argenti
1411 2613 1483 2651 vivi
1513 2614 1650 2662 lapides
1678 2610 1938 2665 ponderofiffi-

340 2671 436 2706 mos,
474 2671 535 2697 aut
565 2662 709 2700 fortasse
738 2665 922 2712 stannum,
968 2667 1133 2705 sustineat
1162 2678 1202 2705 ut
1232 2669 1416 2705 innatent.
1473 2669 1626 2704 Etenim
1655 2681 1697 2704 ex
1727 2670 1936 2706 rationibus

341 2715 554 2763 ponderum
583 2716 656 2754 hoc
684 2720 812 2769 colligi
842 2721 969 2769 potest.
1027 2725 1163 2771 Neque
1186 2723 1259 2759 hoc
1287 2725 1450 2771 pertinet
1480 2723 1523 2759 ad
1549 2725 1773 2760 miraculum
1803 2726 1839 2760 δ(
1869 2726 1937 2759 im-

342 2768 540 2817 posturam,
576 2771 636 2807 scd
664 2774 709 2809 ad
732 2775 1020 2824 investigandam
1049 2787 1220 2815 naturam
1246 2778 1495 2824 misturarum,
1532 2787 1572 2815 ut
1601 2777 1669 2814 suo
1692 2779 1808 2815 titulo
1833 2790 1938 2829 appa-

342 2824 451 2860 sebit.

398 2875 643 2929 ObservatiO.
675 2882 888 2921 NOTATU
910 2885 1023 2922 ctiam
1039 2886 1198 2936 dignum
1222 2886 1270 2924 est
1292 2886 1393 2933 (licet
1418 2899 1498 2924 non
1520 2885 1560 2924 fit
1576 2886 1775 2937 praesentis
1791 2884 1936 2934 inquili-

344 2933 474 2994 tionis)
489 2933 618 2971 omnia
632 2938 793 2983 metalla,
821 2940 909 2976 licet
923 2937 992 2976 fint
1013 2943 1128 2989 aquis,
1157 2944 1197 2979 in
1212 2943 1346 2990 quibus
1365 2941 1623 2988 diss'olvuntur‚
1653 2939 1844 2990 insigniter
1859 2954 1938 2991 gra-

341 2998 456 3034 viora,
476 2998 616 3036 tamen,
627 2990 667 3027 in
682 2992 763 3029 actu
777 2994 903 3044 primo
914 2994 1164 3034 diss'olutionis
1180 2997 1373 3034 ascendere
1386 2997 1426 3032 in
1441 2998 1601 3034 arenulis
1615 2997 1673 3034 vel
1691 2997 1812 3033 bullis.
1868 2998 1937 3032 At-

344 3053 417 3102 que
428 3053 479 3104 eo
491 3045 607 3134 Tagi}
621 3044 695 3082 hoc
715 3048 925 3086 notandum
941 3049 1000 3097 est,
1017 3052 1119 3099 quod
1135 3052 1200 3091 ubi
1218 3064 1298 3092 non
1308 3052 1527 3091 admovetur
1543 3052 1652 3102 igniS,
1673 3052 1769 3090 utin
1781 3061 1941 3100 argento

343 3108 441 3145 vivo,
471 3110 498 3135 it
513 3109 571 3135 em
587 3101 732 3139 iaciant.

1749 3160 1940 3210 Commen-¹
