1973 3570
172 192 233 239 88
513 176 927 228 HISTORIA
978 170 1236 220 DENSI
1293 167 1394 215 ET
1453 163 1672 214 RARI.

306 285 346 322 &
373 291 437 332 per
460 273 718 316 rcm'tssionem
740 283 888 311 tantum
906 271 1070 321 frigoris,
1100 269 1136 307 se
1153 270 1323 321 aperiunt
1347 270 1383 305 ὅ(
1406 267 1623 311 restituunt3
1653 276 1693 304 ut
1713 265 1753 303 fit
1770 267 1810 302 in
1825 266 1898 316 gla-

308 339 378 384 cie,
407 334 600 380 grandine,
629 332 739 367 nive:
779 327 851 365 Sed
871 326 945 365 h'oc
977 325 1118 363 faciunt
1150 336 1214 374 per
1243 324 1408 361 calorem
1433 322 1671 360 manifestum
1702 321 1899 369 admotum

310 377 436 431 multo
455 389 620 426 celerius.
1881 383 1884 387 ⁴

370 457 405 483 2.
433 445 611 482 VERUM
634 438 861 483 delicatiora,
881 446 1044 485 quorum
1058 435 1166 482 vigor
1180 429 1338 471 consistit
1354 433 1392 469 in
1411 430 1538 482 spiritu
1552 433 1680 468 nativo
1697 430 1833 477 subtili,
1861 437 1903 468 u‘t

316 512 442 552 poma,
472 508 571 547 pyra,
599 503 759 545 granata,
789 489 982 536 &fimilia,
1010 486 1314 525 fiscmelfuerint
1329 488 1535 536 congelata,
1566 485 1746 524 suffocato
1762 483 1904 534 spiritu,

317 567 399 594 non
414 552 598 604 recipiunt
613 548 733 599 postea
746 546 939 599 pristinum
952 544 1133 593 vigorem.

375 619 411 660 3.
440 606 512 644 AT
535 605 667 643 vinum
692 604 728 639 δε
756 598 901 638 cervifia
920 611 983 651 per
1012 598 1099 647 gelu
1127 596 1171 633 ad
1200 596 1343 645 gustum
1373 594 1626 645 languescunt,
1655 606 1726 632 nec
1751 595 1907 643 vigent}

322 673 498 707 attamen,
536 656 813 696 succedentibus
841 653 1130 703 regelationibus
1158 653 1194 687 &
1222 649 1496 700 tempestatibus
1520 650 1743 695 australibus,
1781 649 1909 686 revivi-

324 719 429 757 scunt
445 718 481 753 ὃ(
496 716 713 757 relaxantur,
743 713 779 747 &
794 707 891 758 quast
905 709 1031 745 denuo
1045 704 1264 743 fervescunt.
1857 702 1861 708 “

380 769 582 809 connexio.
610 768 993 803 TRANSEUNDUM
1016 773 1036 797 a
1059 760 1338 797 dilatationibus
1361 771 1453 807 quae
1468 759 1562 797 fiunt
1581 771 1646 809 per
1666 759 1832 796 calorem
1853 768 1910 795 ex-

326 837 477 864 ternum
502 821 692 865 aCtualem,
721 829 829 866 atque
848 818 959 853 etiam
983 826 1047 863 per
1070 809 1327 850 temiss'ronem
1350 813 1511 862 frigoris,
1541 812 1663 863 (quae,
1693 824 1733 868 ut
1761 815 1832 857 iam
1861 811 1913 849 di
1942 810 1945 811 ⁷

326 883 458 925 ximus,
487 878 535 914 est
553 876 655 913 calor
676 872 922 923 comparatus)
947 869 991 906 ad
1013 869 1248 905 dilatationes
1271 879 1475 919 corporum
1500 880 1593 916 quac
1616 868 1710 905 fiunt
1733 880 1797 917 per
1816 870 1915 905 calo-

328 948 384 972 res
411 931 643 983 potentialeS‚
682 925 752 964 five
789 925 934 977 spiritus
971 924 1160 961 auxiliares
1202 923 1352 960 alterius
1388 925 1558 974 corporis
1586 924 1756 975 applicati
1785 925 1823 960 ὃς
1855 923 1914 959 ad-

326 998 436 1026 moti.

330 1076 610 1119 Dilatationes
624 1082 815 1127 corporum
829 1084 926 1126 quae
930 1067 1038 1122 fiunt
1043 1078 1116 1123 per
1131 1067 1292 1107 calorem
1298 1068 1564 1122 potentialem,
1577 1067 1667 1120 five
1671 1078 1745 1121 per
1748 1067 1919 1122 spiritns

827 1125 1042 1165 auxiliares
1057 1123 1221 1163 alterius
1236 1125 1411 1176 corporis.

383 1209 454 1246 Dr:
476 1206 659 1245 caloribus
679 1202 945 1255 potentialibus
960 1200 1112 1238 consule
1127 1201 1268 1238 tabulas
1289 1201 1531 1238 medicinales
1554 1203 1775 1249 qualitatum
1799 1199 1923 1237 sccun-

335 1265 493 1303 darums
522 1264 558 1298 ὅ(
582 1274 623 1298 ex
653 1260 708 1296 his
726 1258 866 1308 poteris
887 1268 1078 1306 excerpere
1099 1268 1140 1293 ea
1162 1266 1255 1303 quae
1279 1266 1479 1304 operantur
1504 1255 1609 1305 super
1637 1267 1770 1305 corpus
1797 1254 1924 1292 huma·

336 1329 429 1356 num
444 1329 508 1366 pet
523 1316 782 1354 dilatationem
800 1326 808 1349 2
836 1313 941 1361 Quae
957 1311 1039 1348 sunt
1059 1310 1136 1348 fere
1152 1311 1215 1346 illa
1230 1321 1321 1357 quae
1337 1309 1551 1359 sequuntur.

391 1373 805 1413 CONFORTANT1A‚
833 1378 926 1414 quae
956 1366 1111 1402 dilatant
1135 1364 1281 1415 spiritus
1304 1364 1502 1414 oppressos.

389 1427 789 1468 ABSTERGENTIA,
817 1432 910 1468 quae
934 1421 1113 1457 roborant
1135 1420 1312 1456 virtutem
1336 1417 1567 1468 expullivam.

390 1481 712 1518 APERIENTIA
736 1476 859 1525 quoad
882 1474 1024 1511 orificia
1046 1484 1226 1511 venarum
1253 1476 1288 1511 δ(
1303 1474 1485 1511 vasorum.

392 1535 716 1572 APERIENTIA
741 1529 863 1579 quoad
890 1541 1005 1578 poros
1020 1531 1057 1566 &
1072 1538 1213 1565 meatus
1234 1531 1406 1579 partium.

391 1590 429 1626 D
440 1601 453 1626 1
463 1601 487 1626 G
496 1599 553 1625 ER
563 1599 622 1624 EN
632 1599 655 1623 τ
666 1598 679 1622 1
690 1597 715 1622 A
739 1595 825 1621 curn
840 1593 1100 1620 maturatione.

394 1644 719 1680 DIGERENTIA
745 1651 832 1676 eum
856 1634 1090 1675 discussionc.

395 1698 665 1734 CAUSTICA.

394 1753 528 1789 HAEC
550 1751 745 1800 praecipue
771 1747 867 1794 (sunt
891 1749 927 1785 ὃς
952 1748 1034 1795 alia)
1065 1746 1203 1785 habent
1233 1749 1396 1785 radicem
1419 1749 1459 1785 in
1483 1748 1703 1786 dilatatione
1724 1748 1932 1797 spirituum,

344 1809 381 1844 ὅ(
396 1807 612 1851 humorum,
642 1807 678 1842 δε
698 1803 906 1848 succorum,
936 1805 972 1839 ὅ(
998 1801 1212 1840 substantiae
1236 1804 1275 1839 in
1291 1814 1452 1854 corpore
1477 1814 1541 1851 per
1557 1803 1703 1854 spiritus
1719 1804 1934 1845 auxiliare-53

344 1873 495 1899 necnon
511 1872 575 1911 per
592 1858 895 1908 complexionem
918 1857 1151 1906 tangibilem‚
1181 1869 1273 1906 quac
1298 1859 1386 1894 inest
1402 1859 1599 1894 medicinis
1615 1858 1687 1894 illis
1699 1858 1756 1896 vel
1781 1859 1937 1907 interius

343 1916 402 1953 vel
416 1916 572 1952 exterius
587 1913 753 1963 sumptis.
1843 1909 1846 1912 ’

399 1968 688 2006 Commentatio.
719 1969 869 2004 PATET
898 1967 938 2003 in
958 1966 1056 2003 vitro
1079 1964 1272 2012 calendari,
1301 1978 1413 2014 quam
1433 1965 1612 2015 exquisito
1636 1966 1740 2006 sensu
1764 1965 1835 2011 five
1855 1979 1936 2018 pet-

347 2025 521 2075 ceptione
537 2024 722 2072 praeditus
739 2020 780 2058 fit
801 2024 862 2058 a'er
876 2021 1091 2058 communis
1113 2022 1222 2057 calidi
1246 2024 1282 2058 ὅ(
1304 2021 1430 2070 frigidi
1447 2040 1460 2064 ,-
1491 2032 1624 2071 utpote
1645 2033 1739 2069 quae
1756 2032 1834 2059 tam
1857 2019 1938 2058 sub-

348 2079 432 2115 tiles
456 2078 533 2123 ejus
553 2076 780 2114 differentias
805 2078 841 2113 &
872 2075 1005 2124 gradus
1026 2075 1144 2112 statim
1161 2076 1363 2121 dijudicare
1386 2073 1511 2127 possit.
1567 2079 1652 2115 Nec
1671 2076 1817 2123 dubito,
1846 2078 1939 2124 quin

348 2133 541 2183 perceptio
575 2131 721 2183 spiritus
753 2133 792 2167 in
824 2130 1046 2167 animalibus
1073 2131 1165 2167 vivis
1194 2130 1315 2168 versus
1344 2132 1508 2167 calorem
1537 2134 1573 2168 ὅ(
1609 2131 1724 2179 frigus
1752 2129 1793 2168 fit
1821 2131 1941 2168 adbuc

352 2188 466 2236 longe
488 2187 631 2223 acutior
649 2200 657 2222 ε
687 2184 755 2222 nisi
777 2184 880 2232 quod
896 2186 954 2221 a'e'r
970 2182 1010 2220 fit
1033 2186 1314 2235 pneumaticum
1340 2197 1476 2234 purum
1501 2188 1537 2222 &
1564 2183 1759 2232 fincerum,
1789 2187 1826 2223 ὅ(
1844 2185 1941 2222 nihil

350 2241 480 2277 habeat
507 2240 697 2289 tangibilis
724 2239 891 2279 admisti5
921 2249 957 2275 at
985 2237 1181 2287 spirituum
1208 2240 1410 2290 perceptio·
1429 2240 1645 2277 retundatur
1678 2241 1715 2276 ὅ(
1747 2240 1944 2277 hebetetur

354 2307 513 2343 corpore
527 2295 710 2343 tangibili,
727 2295 767 2330 in
782 2305 860 2341 quo
880 2292 963 2330 sunt
983 2293 1157 2330 dcvinffi.
1213 2293 1408 2340 Attamen,
1424 2307 1504 2331 non
1520 2294 1685 2331 obstante
1700 2294 1774 2331 hoc
1788 2295 1942 2346 impedi-

355 2359 501 2393 mento,
530 2349 704 2385 videntur
735 2347 853 2385 adhuc
883 2346 1028 2397 spiritus
1057 2349 1229 2385 vivorum
1257 2348 1426 2397 potiores
1454 2348 1534 2400 ipso
1565 2351 1658 2395 aere,
1695 2350 1820 2397 quoad
1845 2349 1945 2386 hanc

354 2403 647 2452 perceptionem.
704 2403 840 2450 Neque
862 2404 966 2438 enim
986 2401 1159 2438 haetenus
1182 2403 1292 2438 nobis
1307 2403 1458 2449 constat,
1487 2403 1589 2451 quod
1613 2404 1714 2440 calor
1728 2404 1945 2455 potentialis

358 2455 422 2504 (de
444 2468 522 2504 quo
544 2456 617 2501 jam
639 2456 845 2504 loquimur)
871 2458 992 2492 a'e'rem
1015 2451 1128 2507 poss'lt
1156 2456 1334 2496 dilatare3
1372 2468 1459 2493 cum
1489 2467 1633 2494 certum
1662 2456 1715 2504 sit,
1745 2459 1848 2506 quod
1869 2458 1946 2495 ho'c

357 2509 466 2547 faciat
490 2509 594 2561 super
618 2509 763 2559 spiritus
791 2511 830 2546 in
860 2511 1078 2547 animalium
1103 2510 1283 2546 membris
1311 2521 1538 2553 contentos3
1568 2520 1608 2549 ut
1640 2514 1679 2549 in
1708 2512 1946 2561 qualitatibus

359 2564 463 2613 (quas
486 2564 657 2610 diximus)
680 2563 848 2601 secundis
871 2564 1141 2601 medicinarum
1163 2565 1291 2613 liquet.
1348 2566 1420 2602 Sed
1446 2566 1492 2603 dc
1513 2566 1585 2604 hoc
1601 2567 1808 2615 inquiratur
1833 2569 1946 2620 paulo

357 2619 573 2663 accuratius,
604 2630 644 2654 ex
668 2619 846 2655 mandato
869 2620 1038 2668 proxime
1061 2619 1248 2668 sequente.

413 2669 622 2709 Mandata.
654 2672 687 2708 A
699 2683 836 2709 ccn’E
856 2672 934 2708 duo
948 2674 1041 2709 vitra
1055 2674 1261 2710 calendaria
1275 2673 1437 2719 ejusdcm
1453 2675 1733 2725 magnitudinis,
1789 2677 1948 2726 Impone

359 2728 399 2764 in
416 2728 536 2763 altero
549 2738 693 2773 aquam,
722 2728 761 2763 in
777 2728 894 2763 altero
917 2725 1086 2775 spiritum
1108 2729 1199 2775 vini,
1228 2728 1367 2765 fortem
1393 2732 1430 2766 ὅ(
1449 2742 1596 2770 aercm3
1627 2740 1737 2777 atque
1760 2731 1811 2767 ita
1831 2733 1947 2774 calefi-

360 2791 424 2818 ant
440 2781 545 2827 vitra,
574 2790 614 2818 ut
637 2792 728 2827 aqua
751 2782 787 2817 ὃ(
802 2780 947 2831 spiritus
961 2781 1039 2817 vini
1055 2782 1098 2818 ad
1114 2794 1241 2832 parem
1262 2783 1500 2821 altitudinem
1520 2784 1727 2821 ascendant.
1785 2786 1947 2824 Colloca

361 2847 402 2872 ca
422 2832 539 2880 simul,
569 2836 605 2871 ὅ(
627 2834 778 2871 dimitte
801 2846 865 2885 per
894 2834 1050 2884 spatium
1074 2837 1249 2884 aliquod;
1279 2839 1314 2874 ὅ(
1342 2848 1445 2884 nota,
1473 2837 1498 2875 fi
1521 2850 1612 2886 aqua
1638 2838 1809 2876 deveniat
1836 2841 1948 2878 altior

361 2900 474 2936 quarn
494 2888 639 2937 spiritus
653 2889 741 2925 vini.
801 2890 902 2926 Nam
926 2887 950 2925 fi
973 2888 1047 2925 hoc
1061 2889 1114 2936 fit,
1142 2892 1265 2941 palam
1285 2891 1343 2937 cst,
1373 2893 1538 2930 calorem
1562 2893 1708 2944 spiritus
1722 2895 1799 2932 vini
1815 2905 1947 2944 poten-

360 2943 489 2981 tialem
503 2944 626 2981 aerem
640 2942 813 2990 dilatante,
841 2944 890 2980 ita
905 2952 946 2981 ut
961 2941 1130 2994 spiritum
1144 2947 1221 2983 vini
1237 2946 1458 2997 depresserit.

1741 3068 1776 3095 2.
1806 3059 1947 3101 Poss1r
