1973 3570
158 232 263 297 '314

446 220 880 278 HISTORIA
932 217 1195 268 VITAE
1246 214 1347 264 ET
1401 218 1762 275 *MORTISs

466 503 868 571 NATUR
895 507 959 565 A
1035 505 1106 564 D
1133 503 1273 563 ΠΕ
1300 503 1435 562 AB
1464 470 1580 560 jz
1607 455 1731 570 Is,

816 695 1007 750 Historia.
1061 695 1138 740 Ad
1151 694 1286 736 Artic.
1321 707 1355 736 1.

297 815 337 857 ἰ.
589 809 845 851 ETALLA
874 811 916 848 in
944 818 1094 847 tantum
1119 818 1254 846 aevum
1279 807 1428 854 durant,
1456 817 1499 845 ut
1517 816 1667 859 tempus
1693 807 1908 850 durationis·

295 850 301 863 ⁴
322 879 333 892 π
599 865 783 918 ipsorum,
824 862 1027 903 hominum
1061 861 1366 900 observationem
1399 860 1530 911 fugiat.
1589 862 1718 901 Etiam
1748 866 1909 913 quando

602 921 802 958 solvuntur
823 931 890 971 pet
904 928 1080 965 aetatem,
1108 915 1147 954 in
1167 917 1383 966 rubiginem
1407 916 1615 965 solvuntur,
1641 929 1726 956 non
1737 930 1806 972 pes
1822 920 1907 973 ‘perf

603 973 843 1027 spirationem
858 988 869 1016 ς
897 985 1031 1011 aurum
1044 982 1171 1010 autem
1191 984 1256 1023 per
1272 981 1462 1009 neutrum.

351 1041 388 1070 2.
419 1029 712 1069 ARGENTUM
733 1031 879 1077 vivum,
905 1029 993 1066 lieet
1020 1026 1220 1065 humidum
1243 1024 1285 1064 stt
1301 1028 1338 1064 &
1353 1025 1525 1073 fluidum,
1553 1036 1666 1075 atque
1684 1038 1754 1079 per
1772 1026 1904 1079 ignem

292 1085 404 1126 facile
427 1084 490 1124 fiat
509 1086 683 1126 volatile3
718 1094 848 1123 tamen
873 1083 992 1134 (quod
1013 1083 1205 1131 novimus)
1230 1080 1368 1130 absque
1391 1082 1479 1131 igne
1498 1093 1567 1133 per
1587 1091 1753 1121 aetatem
1769 1083 1908 1135 solam,-

294 1154 368 1181 nec
381 1138 614 1180 eonsumitur
627 1151 699 1179 nee
712 1139 903 1178 contrahit
918 1137 1147 1188 rubiginem.
1744 1146 1747 1147 ⁷

351 1207 387 1248 3.
417 1195 639 1243 Limnes,
674 1193 891 1246 praesertim
919 1192 1101 1239 duriores,
1130 1195 1167 1231 ὃ(
1186 1192 1384 1244 complura
1410 1189 1479 1229 alia
1498 1203 1541 1228 ex
1560 1187 1758 1240 foffilibus,
1794 1193 1906 1245 longi

296 1250 384 1291 sunt
406 1251 513 1291 aevi3
542 1250 656 1299 idque
678 1251 764 1288 licet
785 1258 1019 1302 exponantur
1043 1250 1084 1287 in
1106 1250 1252 1289 aerems
1282 1249 1409 1287 multo
1432 1247 1548 1296 magis
1571 1247 1664 1284 dum
1683 1249 1904 1288 conduntur

297 1305 367 1346 sub
388 1316 504 1345 terra:
531 1304 718 1344 Attamen
737 1306 880 1343 nitrum
901 1303 1095 1354 quoddam
1122 1302 1305 1352 eolligunt
1329 1301 1478 1354 lapides,
1506 1301 1610 1350 quod
1631 1303 1704 1342 illis
1722 1303 1772 1340 est
1794 1304 1907 1344 instat

296 1361 504 1411 rubiginis:
532 1372 705 1410 gemmae
724 1370 850 1398 autem
871 1362 908 1398 ὃ(
928 1359 1108 1409 crystalla,
1133 1358 1284 1396 metalla
1304 1357 1379 1407 ipsa
1398 1368 1491 1395 aevo
1512 1356 1710 1406 superant5
1735 1368 1908 1399 attamen

296 1416 441 1455 clarore
456 1413 523 1453 suo
537 1416 718 1453 nonnihil
737 1427 759 1453 a
772 1416 887 1466 longa
907 1422 1026 1453 aetate
1039 1413 1279 1451 mule'tantur.

350 1481 390 1521 4.
419 1471 762 1509 OBSERVATUM
784 1470 844 1517 est,
873 1468 1010 1519 lapides
1031 1481 1074 1506 ex
1097 1478 1201 1520 parte
1218 1467 1366 1513 boreae,
1395 1463 1501 1504 eitius
1522 1467 1706 1518 temporis
1723 1468 1906 1509 edacitate

293 1523 481 1571 consumi,
509 1537 622 1574 quam
641 1523 761 1563 austro
776 1522 972 1577 expositos,
1001 1523 1115 1573 idque
1131 1525 1168 1560 ὅ(
1183 1525 1221 1560 in
1238 1521 1491 1574 pyramidibus
1507 1521 1594 1558 &in
1611 1521 1811 1575 templis&
1824 1525 1908 1564 aliis

295 1580 474 1623 aedificiis
495 1578 733 1618 manifestum
754 1580 845 1618 effe:
873 1580 1018 1617 ferrum
1039 1584 1184 1625 eontra,
1212 1577 1257 1615 ad
1281 1576 1443 1614 austrum
1466 1575 1687 1628 expositum,
1716 1579 1904 1618 citius-ru-

294 1629 467 1685 biginem
489 1633 724 1682 contrahere,
753 1635 798 1673 ad
821 1632 1120 1685 septentrionem
1141 1633 1293 1680 tardius,
1322 1642 1364 1670 ut
1387 1633 1428 1669 in
1444 1631 1585 1669 bacillis
1606 1633 1680 1670 illis
1694 1633 1824 1671 ferreis
1837 1640 1905 1673 aut

293 1684 470 1736 cratibus,
499 1701 593 1739 quae
612 1690 658 1727 ad
681 1689 852 1728 fenestras
867 1699 1122 1743 apponuntur,
1151 1689 1282 1738 liquet.
1338 1688 1423 1725 Nee
1438 1686 1591 1733 mirum,
1621 1700 1708 1724 cum
1727 1689 1768 1725 in
1790 1691 1908 1728 omni

296 1740 569 1794 putrefactione
595 1739 732 1794 (qualis
753 1745 802 1784 est
822 1745 973 1796 rubigo)
1003 1744 1205 1783 humiditas
1225 1743 1404 1783 acceleret
1428 1741 1724 1790 dissolutionem,
1758 1745 1801 1782 in
1826 1755 1904 1783 are·

294 1799 458 1838 factione
473 1797 640 1851 simplici,
667 1797 818 1839 ssccltas.
1196 1847 1199 1849 ,
1849 1804 1852 1806 ’

354 1865 389 1904 5.
418 1856 472 1892 IN
492 1855 760 1904 vegetabilibus
785 1851 993 1904 (loquimur
1021 1854 1069 1892 de
1091 1849 1218 1893 avulsis
1238 1864 1310 1891 nee
1330 1852 1604 1903 vegetantibus)
1629 1852 1820 1892 stemmata
1847 1865 1904 1894 ar-

295 1909 434 1948 borum
458 1907 667 1957 duriorum,
696 1907 769 1948 ssve
791 1911 930 1958 trunci,
956 1920 1069 1958 atque
1092 1908 1205 1959 ligna,
1234 1911 1272 1947 &
1286 1909 1459 1946 materies
1479 1919 1522 1945 ex
1548 1905 1644 1960 ipsiS,
1669 1920 1738 1958 pet
1759 1909 1903 1949 saecula

295 1965 484 2002 nonnulla
503 1964 650 2002 durant.
705 1965 831 2003 Partes
844 1976 971 2003 autem
990 1964 1192 2005 stemmatis
1211 1964 1310 2002 varie
1325 1963 1361 2001 se
1380 1963 1546 2005 habenis
1572 1963 1657 2000 sunt
1671 1964 1775 2001 enim
1791 1970 1901 2014 quae-³

293 2018 384 2057 dam
406 2018 558 2056 arbores
579 2018 773 2067 fistulosae,
799 2030 842 2058 ut
863 2019 1067 2067 sambucus,
1096 2018 1136 2058 in
1159 2018 1290 2069 quibus
1315 2020 1428 2071 pulpa
1447 2020 1488 2056 in
1507 2018 1644 2056 medio
1660 2020 1818 2061 mollior
1841 2017 1904 2069 fir,

293 2074 454 2111 exterius
468 2072 616 2115 durius;
635 2084 672 2111 at
686 2075 727 2112 in
739 2073 936 2113 arboribus
950 2074 1090 2123 solidis,
1118 2073 1236 2125 qualis
1251 2073 1300 2111 est
1314 2084 1484 2122 quercus,
1505 2074 1674 2121 interius,
1700 2073 1818 2123 (quod
1831 2086 1900 2114 eor

291 2128 437 2166 arboris
450 2129 614 2178 vocant,)
644 2128 752 2167 durat
764 2132 895 2180 magis.

350 2183 387 2219 6.
418 2183 570 2220 F0L1A
585 2184 799 2235 plantarum
814 2187 851 2223 ὅ(
865 2185 989 2233 flores,
1018 2185 1132 2223 etiam
1156 2185 1290 2231 caules,
1320 2183 1470 2234 exiguae
1486 2184 1572 2223 sunt
1587 2182 1806 2233 durationis,
1833 2183 1899 2229 sed

292 2234 488 2275 solvuntur
502 2238 542 2274 in
557 2239 766 2287 pulverem,
787 2238 936 2290 seseque
948 2236 1172 2288 incinerant,
1197 2237 1265 2278 nifi
1277 2240 1499 2292 pmrefiant3
1519 2239 1657 2276 radices
1669 2249 1796 2277 autem
1809 2239 1900 2279 sunt

292 2292 411 2341 magis
424 2292 620 2330 durabiles.
1809 2295 1812 2297 ’

351 2355 386 2394 7.
417 2347 539 2383 Osse.
561 2348 782 2386 animalium
797 2348 863 2387 diu
877 2348 1027 2397 durant,
1053 2359 1098 2388 ut
1120 2349 1246 2388 videre
1266 2347 1316 2387 est
1337 2350 1378 2386 in
1398 2348 1575 2396 offuariis,
1606 2348 1744 2387 scilieet
1757 2349 1896 2403 reposi-

295 2399 401 2437 toriis
415 2395 554 2439 ossium
575 2401 862 2442 defunctorum:
892 2404 1049 2442 Cornua
1069 2406 1184 2442 etiam
1199 2404 1306 2443 valde
1323 2404 1483 2445 durant3
1511 2416 1665 2444 necnon
1683 2405 1828 2454 dentes,
1853 2403 1896 2445 fi·

293 2464 358 2493 cut
374 2455 415 2491 in
434 2455 560 2503 ebore,
589 2458 627 2493 &
641 2457 814 2496 dentibus
833 2460 920 2508 equi
935 2457 1082 2497 marini.
1802 2482 1805 2487 ·

353 2507 388 2545 8.
418 2509 602 2548 PELnEs
623 2512 737 2549 etiam
761 2515 796 2550 ὅ(
810 2515 958 2552 corium
979 2513 1088 2552 valde
1110 2513 1259 2560 durant,
1288 2523 1330 2552 nt
1355 2525 1508 2553 eernere
1523 2513 1572 2552 est
1594 2515 1634 2553 in
1654 2516 1899 2565 Pergamenis

294 2563 542 2612 antiquorum
567 2565 776 2604 librorum:
815 2569 1025 2616 quinetiam
1048 2579 1208 2621 papyrus
1232 2570 1428 2622 complura
1453 2570 1594 2608 saecula
1618 2572 1768 2618 tolerat,
1802 2572 1899 2611 licet

294 2617 547 2668 Pergamenae
569 2621 768 2659 duratione
782 2623 899 2661 cedat.

349 2683 389 2719 9.
419 2675 577 2712 IGNEM
599 2673 693 2726 passa
707 2676 773 2715 diu
797 2677 945 2725 durant,
972 2688 1014 2717 ut
1032 2679 1187 2726 vitrum,
1215 2679 1369 2721 lateres}
1395 2681 1507 2718 etiam
1529 2691 1668 2728 earnes,
1695 2681 1734 2718 &
1751 2679 1892 2720 fructus

292 2723 426 2776 ignem
448 2725 552 2780 paffi,
580 2729 718 2769 diutius
740 2732 875 2770 durant
890 2744 1004 2782 quam
1029 2735 1157 2776 erudis
1186 2746 1310 2783 neque
1333 2736 1384 2774 ob
1398 2737 1437 2774 id
1460 2745 1621 2782 tantum,
1650 2735 1755 2784 quod
1768 2736 1891 2783 hujus-

296 2781 404 2819 modi
419 2784 543 2821 coetio
562 2795 681 2822 arceat
705 2787 966 2835 putredinem3
993 2788 1055 2827 sed
1078 2791 1192 2827 etiam
1206 2789 1312 2839 quod
1332 2790 1465 2828 emi-iso
1486 2790 1648 2829 humore
1661 2802 1796 2840 aqum,
1822 2791 1892 2831 hu-

294 2846 384 2874 mor
402 2838 550 2875 oleosus
564 2839 703 2877 diutius
723 2839 758 2878 se
773 2841 953 2879 sustineat.

300 2934 307 2940 ⁵
351 2902 412 2929 10.
442 2893 586 2945 AQUA
612 2896 788 2933 omnium
807 2894 997 2945 liquorum
1019 2894 1194 2937 eitiffime
1216 2898 1386 2938 sorbetur
1407 2899 1456 2936 ab·
1472 2900 1565 2946 ae'rc,
1604 2900 1733 2937 oleum
1755 2910 1890 2940 eontra

292 2947 432 2992 tardIus
454 2958 649 2998 evaporat3
679 2959 721 3001 ut
745 2962 895 2989 cernere
915 2951 976 2998 est,
1003 2964 1085 2991 non
1110 2954 1232 2993 solum
1252 2956 1293 2992 in
1318 2950 1527 3004 liquoribus
1550 2952 1642 3003 rpsss,
1670 2965 1802 2995 verum
1821 2958 1888 2994 eti-

290 3012 352 3036 am
376 3000 413 3038 in
438 3002 568 3041 mistis:
599 3005 741 3041 etenim
764 3017 920 3056 papyrus
940 3018 1032 3055 aqua
1055 3009 1268 3056 madefaffli,
1297 3019 1407 3059 atque
1430 3009 1517 3046 inde
1542 3008 1719 3047 nonnihil
1740 3010 1889 3061 diapha-

291 3056 439 3107 ncitatis
460 3059 578 3108 nasta,
614 3060 727 3111 paulo
747 3061 827 3111 post
851 3060 1014 3111 albescit,
1050 3064 1086 3101 δε
1111 3064 1431 3115 diaphauei-tatexn
1449 3063 1551 3102 suam
1577 3064 1747 3116 deponit,
1782 3065 1888 3103 exha-

1064 3132 1066 3135 ·
1121 3138 1125 3141 ’
1786 3121 1888 3159 laute
