1973 3570
92 201 125 236 v2
137 184 200 232 86

520 183 581 229 D.
623 179 794 229 THO.
844 179 1139 237 BOD'LEI
1187 181 1597 229 EPISTOLA‚

279 289 342 319 aut
368 277 426 318 sex
456 278 517 318 ista
544 293 638 329 quae
673 280 837 319 venditas
860 280 990 318 [616813
1026 283 1063 318 ὅ(
1081 293 1101 318 a
1129 292 1165 318 te
1194 281 1359 331 probata,
1398 284 1433 318 δε
1465 281 1666 319 hodiernae
1690 279 1888 321 curiosi-tati

281 336 410 374 deberi
430 334 492 383 vis,
520 336 652 373 misere
671 338 705 373 se
721 346 911 374 tuerentur
931 335 1025 372 inter
1042 337 1184 386 aliquot
1206 346 1361 373 centena
1389 347 1540 374 naturae
1571 348 1713 383 arcana,
1754 336 1888 387 quibus

283 392 325 428 111
348 392 471 428 11166111
495 391 663 440 quotidie
685 390 942 441 protrahendis
967 401 1029 427 aut
1055 390 1202 428 solertia
1229 391 1394 427 ministra
1412 391 1472 437 est,
1502 401 1563 428 aut
1589 391 1685 428 favet
1710 391 1821 438 casus,
1852 395 1889 430 ὅ(

283 447 491 497 comparari
520 446 667 495 possunt
698 457 760 484 aut
792 447 930 497 partim
946 445 1120 494 praeferri
1148 447 1202 492 iis,
1232 458 1325 494 quae
1347 459 1368 483 a
1390 456 1427 482 te
1454 444 1640 494 designata
1664 446 1760 482 sunt.
1817 447 1890 484 Sed

284 501 428 547 demus,
459 500 629 550 sequatur
643 500 799 538 assensus
815 500 926 549 poffe,
956 512 976 536 a
991 510 1026 537 te
1049 499 1215 537 conferri
1239 501 1342 551 quod
1366 501 1411 537 ad
1427 499 1663 537 scientiarum
1680 499 1787 537 faciat
1805 512 1890 550 aug-

285 565 473 603 mentum,
512 558 549 593 ὅ(
572 555 782 594 universalis
814 555 910 605 apud
939 567 1009 592 nos
1032 554 1196 592 theoriae
1222 554 1398 592 notiones
1427 557 1463 592 ὃς
1490 554 1673 591 axiomata
1707 554 1891 604 fingamus

284 610 469 658 exstincta,
498 609 654 648 suffeffis
669 612 817 647 noviter
847 608 1008 660 repertis,
1037 610 1128 657 quid
1161 609 1327 646 beneficii
1357 610 1579 647 redundabit
1609 622 1651 646 cx
1675 609 1742 646 hac
1770 622 1890 647 muta·
1943 606 1963 639 ·'

286 666 395 702 tione
416 666 457 701 in
479 665 731 702 eruditionem
760 667 796 702 ὃ(
812 663 998 702 scientias?
1027 663 1135 702 Nihil
1152 666 1286 702 certius
1302 677 1414 712 quam
1440 677 1537 701 nova
1558 664 1648 701 11366
1671 666 1707 700 &
1733 676 1826 711 quae
1849 667 1890 702 in

282 731 419 757 eorum
434 720 677 771 appendicem
699 722 866 765 veniunt,
895 720 959 755 ubi
984 718 1096 756 semel
1120 730 1265 768 recepta
1288 719 1427 756 fuerint
1452 719 1807 756 commendantibus
1833 721 1889 756 in-

283 773 519 812 ventoribus:
551 777 587 810 8(
614 773 766 811 1110111111
797 773 930 810 ass'eclis
954 775 1112 822 gratiam
1127 773 1278 824 priscam
1304 773 1434 811 sensrm
1452 774 1620 810 amissura
1650 776 1685 811 ὃ(
1701 774 1889 811 oblivioni
1941 795 1944 799 ·

283 829 463 866 tradenda
492 840 533 866 cx
558 838 709 865 naturae
732 828 827 865 scito
860 828 976 864 fluxus
1009 827 1094 865 illos
1124 830 1160 864 δε
1189 828 1346 866 refluxus
1373 830 1602 875 alternantis,
1636 839 1746 877 atque
1774 830 1824 865 ita
1847 841 1891 866 ex

283 893 502 932 temporum
535 882 691 919 decursu
727 882 875 934 penitus
908 881 1077 919 habitura
1100 881 1319 924 interitum3
1357 883 1502 920 fortasse
1531 884 1645 920 etiam
1670 882 1744 920 aliis
1773 883 1888 930 idem,

284 938 387 988 quod
417 947 458 974 tu
482 949 583 974 nunc
598 937 776 984 venditas,
808 937 1032 986 agitantibus
1054 938 1240 975 nimirum
1268 936 1462 987 propositis
1477 937 1724 984 adminiculis,
1755 938 1889 985 quibus

282 992 440 1029 exaCtius
458 990 638 1028 limentur
657 992 846 1041 augendae
865 990 1046 1029 scientiae.
1104 993 1258 1042 Semper
1281 994 1385 1029 enim
1406 1005 1499 1041 quac
1514 993 1716 1036 majoribus
1736 992 1888 1030 fuerunt

282 1047 425 1095 probro
440 1047 479 1083 in
510 1047 721 1084 minoribus
744 1046 881 1084 renasci
909 1046 1044 1084 solent.
1101 1049 1227 1099 Qiare
1255 1047 1383 1085 frustra
1398 1048 1457 1093 est,
1485 1046 1647 1099 quisquis
1670 1048 1715 1084 ab
1730 1048 1887 1084 illorum

279 1099 603 1138 exercitationibus
632 1104 669 1138 &
691 1112 772 1139 tota
796 1102 1083 1139 commentandi
1113 1103 1287 1140 industria
1302 1103 1402 1139 aliud
1420 1102 1627 1154 speraverit,
1655 1113 1766 1152 quam
1787 1102 1890 1152 quod

278 1155 418 1205 priscae
439 1155 703 1194 observationis
728 1155 782 1203 stt,
814 1168 855 1194 ut
880 1156 958 1193 fido
986 1158 1096 1194 nobis
1127 1160 1164 1194 &
1192 1170 1256 1209 per
1285 1156 1415 1209 scripta
1432 1156 1570 1194 tradito
1598 1158 1714 1193 relatu
1736 1157 1888 1194 constat.

283 1210 416 1248 Hicin
444 1222 614 1248 mentem
640 1210 732 1248 mihi
747 1211 849 1249 venit
868 1212 971 1263 quod
999 1221 1107 1249 notat
1133 1210 1384 1260 Paterculus,
1413 1212 1476 1250 ubi
1496 1212 1541 1249 de
1571 1208 1887 1249 excellentiffimis

282 1263 516 1304 Graecorum
532 1269 567 1303 ὃς
586 1264 845 1305 Romanorum
871 1266 1027 1316 ingeniis
1058 1266 1143 1317 agit,
1173 1279 1260 1304 curn
1289 1264 1569 1304 florentiffimac
1588 1267 1701 1303 ess‘ent
1718 1266 1886 1317 ipsorum

281 1332 352 1368 res,
381 1321 477 1358 hanc
491 1321 569 1358 dari
589 1321 690 1371 posse
709 1334 791 1359 11011
814 1321 1101 1374 improbabilem
1124 1322 1268 1360 causam
1294 1335 1386 1371 quae
1407 1335 1448 1359 63
1463 1322 1603 1373 pessum
1621 1322 1737 1367 dedit,
1765 1332 1806 1358 ut
1823 1333 1888 1371 po-

282 1375 354 1413 stea
386 1375 514 1413 docuit
533 1387 698 1422 eventu5‚
725 1387 856 1415 natura
878 1374 981 1430 quod
995 1375 1145 1428 fitmmo
1161 1375 1291 1426 studio
1311 1377 1483 1428 petitum
1512 1373 1573 1426 est,
1607 1373 1806 1427 adscendit
1835 1373 1894 1412 ad

273 1428 480 1481 fitmmum,
513 1427 755 1484 dffcilisque
769 1429 991 1483 inpeffec‘i'o
1006 1443 1111 1468 mora
1126 1429 1187 1482 cst.
1242 1431 1356 1468 Adeo
1377 1442 1418 1468 ut
1444 1432 1630 1478 homines,
1664 1429 1688 1467 fi
1713 1430 1889 1484 senserint
1922 1436 1926 1444 ⁴

287 1487 468 1523 ulteriore
490 1484 524 1522 se
547 1485 738 1535 prohiberi
757 1486 944 1533 adscensu,
979 1487 1020 1523 in
1043 1486 1124 1536 ipso
1151 1485 1372 1524 constitutos
1400 1485 1553 1536 fastigio,
1588 1487 1719 1535 sponte
1746 1485 1892 1522 descen-

282 1540 385 1586 dant,
419 1538 663 1591 abdicatisque
693 1540 1015 1578 exercitationibus
1050 1542 1185 1589 quibus
1212 1540 1417 1592 plurimum
1446 1541 1536 1578 inest
1564 1539 1763 1587 momenti,
1792 1553 1892 1578 nova

282 1594 468 1642 affeetent,
497 1604 676 1643 tanquam
692 1606 869 1647 occupata
897 1596 942 1632 ab
956 1594 1032 1632 aliis
1052 1598 1217 1644 materia,
1254 1598 1295 1634 in
1323 1608 1395 1645 qua
1423 1598 1523 1648 prius
1552 1596 1781 1633 laborabant.
1837 1597 1885 1632 Et

280 1648 493 1701 praesertim
519 1650 557 1686 id
587 1650 822 1701 eloquentiae
855 1651 974 1688 fatum
1003 1651 1075 1688 fuit
1102 1651 1174 1689 illis
1207 1650 1450 1701 temporibus,
1486 1662 1526 1688 ut
1555 1663 1643 1688 cum
1671 1649 1890 1702 posteriores

280 1704 518 1754 desperarent
550 1705 649 1754 posse
684 1718 703 1742 a
727 1705 763 1743 [6
787 1707 979 1757 praeteriri
1003 1708 1142 1756 priores
1163 1717 1226 1744 aut
1254 1719 1319 1744 eos
1342 1705 1497 1754 aequari,
1524 1705 1737 1754 sequeretur
1765 1706 1889 1754 negle-

279 1761 358 1797 ecus
374 1762 411 1796 ὃ(
427 1769 667 1811 contemptus
681 1760 817 1812 priscae
832 1760 1117 1808 exercitationis,
1134 1763 1170 1798 ὅ(
1185 1774 1250 1813 per
1271 1763 1416 1810 aliquot
1432 1761 1571 1798 saccula
1587 1760 1710 1798 sermo
1727 1762 1762 1797 ὅ(
1778 1760 1889 1808 stylus

276 1814 517 1852 contraheret
538 1815 663 1852 sordes
693 1819 729 1852 ὃς
749 1814 971 1865 rubiginem,
1001 1816 1123 1853 donec
1142 1817 1276 1853 ultima
1300 1815 1475 1866 periodus
1499 1828 1639 1853 novam
1667 1815 1811 1852 reduxit
1839 1815 1888 1852 fa-

276 1871 387 1916 ciem,
417 1869 692 1918 emergentibus
708 1873 744 1907 δε
769 1870 803 1907 [6
825 1869 1066 1908 incitantibus
1095 1869 1287 1909 illustribus
1310 1870 1470 1921 ingeniis
1486 1871 1531 1908 ad
1559 1870 1801 1907 resumendos
1834 1883 1888 1907 rc-

276 1937 363 1962 cens
378 1923 560 1961 animatae
575 1924 789 1974 diligentiae
804 1924 974 1975 impetus,
1002 1926 1343 1978 propellendosque
1372 1929 1412 1963 in
1434 1925 1625 1963 summum
1645 1924 1883 1974 perfectionis

277 1978 458 2028 fastigium
490 1981 636 2017 labores
664 1992 745 2017 non
781 1980 820 2017 in
857 1982 1096 2032 eloquentiae
1123 1981 1300 2018 duntaxat
1315 1980 1448 2027 studio,
1476 1980 1537 2018 sed
1564 1983 1600 2017 δε
1625 1979 1818 2031 quousque
1846 1980 1884 2017 se

279 2035 478 2084 porrigunt
506 2034 742 2073 scientiarum
767 2037 942 2073 omnium
971 2035 1177 2087 pomoeria.
1236 2038 1372 2088 Neque
1400 2035 1503 2073 enim
1530 2036 1609 2072 falli
1642 2034 1751 2072 illum
1779 2045 1888 2085 puto,

279 2088 442 2137 quisquis
456 2088 726 2137 existimaverit,
754 2101 846 2128 artes
861 2103 1005 2138 omnes,
1035 2101 1147 2142 prout
1167 2092 1314 2144 publice
1339 2103 1441 2128 1111116
1456 2092 1648 2137 docentur,
1678 2090 1787 2126 nullo
1802 2102 1886 2128 11011

277 2157 370 2182 aevo
385 2143 562 2191 exstitisse,
592 2158 674 2182 non
689 2156 816 2183 tamen
834 2147 911 2196 pari
926 2145 966 2183 in
982 2147 1160 2183 omnibus
1184 2148 1276 2184 loeis
1305 2145 1488 2192 mensura,
1517 2157 1638 2193 neque
1668 2145 1806 2181 eodem
1833 2147 1887 2182 lo-

278 2212 327 2236 co
348 2199 492 2248 semper
512 2201 591 2250 pari
606 2212 780 2248 numero,
810 2200 869 2238 sed
886 2213 928 2238 ex
940 2211 1160 2250 temporum
1175 2200 1288 2251 genio
1298 2200 1568 2239 mutationibus
1584 2200 1766 2245 obnoxio,
1783 2211 1886 2236 nunc

279 2255 462 2291 aucTtiores
477 2254 800 2305 florentioresque,
830 2268 933 2294 nunc
958 2255 1234 2294 inexsuscitatac
1249 2259 1286 2294 ὃς
1311 2268 1400 2294 611111
1414 2254 1662 2293 tenebricosae
1681 2253 1880 2292 institutio-

286 2311 344 2346 nis
372 2309 558 2346 methodo
580 2311 676 2347 rudi.

339 2366 498 2402 RATIO
526 2377 568 2401 ex
584 2378 646 2402 me
665 2364 691 2402 fi
713 2377 919 2417 quaeratur,
949 2365 1035 2404 facit
1063 2379 1134 2416 pro
1149 2379 1210 2404 me
1225 2367 1394 2404 doCtrina
1404 2363 1630 2414 Argstotelis
1661 2366 1697 2400 &
1726 2363 1886 2401 aliorum

286 2415 565 2457 elaboratiffimi
594 2422 736 2469 ingenii
765 2420 943 2468 virorum,
977 2434 998 2458 a
1018 2423 1152 2472 quibus
1181 2420 1373 2471 supersunt
1403 2420 1512 2457 nobis
1534 2421 1695 2469 plurima
1726 2418 1884 2456 admini-

286 2475 381 2520 cula,
410 2475 511 2511 unde
534 2475 572 2511 id
593 2475 771 2526 probetur
787 2478 824 2513 &
846 2477 892 2514 ad
914 2475 1101 2525 liquidum
1124 2476 1339 2522 deducatur,
1369 2476 1471 2523 quod
1496 2476 1574 2512 aliis
1593 2473 1632 2511 in
1657 2475 1762 2511 rebus
1781 2474 1883 2512 idern

287 2526 327 2563 in
343 2527 479 2566 artibus
493 2531 727 2579 contingere,
760 2530 912 2580 darique
940 2542 1067 2569 ortum
1090 2530 1357 2571 &interitums
1386 2543 1554 2580 congrua
1573 2528 1731 2581 prorsuS,
1768 2526 1793 2564 fi
1822 2540 1886 2566 me

287 2582 528 2633 interpretem
543 2584 678 2632 audias,
707 2585 889 2624 sententia
916 2586 949 2624 ei
977 2586 1081 2635 quod
1096 2585 1168 2623 dici
1184 2585 1295 2623 solet:
1326 2583 1453 2623 Nihil
1475 2596 1617 2622 novum
1630 2580 1705 2633 fitb
1722 2581 1818 2634 sole,
1848 2586 1886 2621 ὃς

287 2649 381 2688 quae
395 2650 475 2675 non
492 2640 531 2675 in
546 2639 639 2676 fasta
653 2642 770 2689 magis
784 2653 896 2689 quarn
907 2640 1002 2679 dieta
1015 2651 1177 2691 quaerat,
1206 2647 1251 2678 ut
1266 2638 1370 2679 nihil
1380 2652 1498 2692 neque
1512 2637 1656 2677 dmum
1670 2635 1883 2689 neqnefac-

289 2699 374 2729 tum
380 2688 450 2740 stt,
479 2691 579 2744 quod
594 2705 668 2731 non
690 2691 737 2737 dy
750 2693 897 2734 dillum
912 2692 1252 2748 &fafft‘umpriue

340 2747 461 2784 PATR
472 2760 527 2784 oc
537 2759 588 2784 1N
599 2761 725 2787 ATUR
741 2761 776 2787 2.
807 2750 920 2788 etiam
935 2752 1087 2788 celebris
1102 2750 1163 2788 illa
1178 2748 1387 2788 Solomonis
1400 2750 1444 2787 ad
1457 2749 1576 2786 filium
1588 2747 1738 2796 querela
1753 2749 1791 2783 in
1803 2759 1885 2796 pru-

287 2802 423 2839 rientes
438 2801 506 2839 suo
520 2802 644 2840 seculo
663 2806 906 2844 voluminum
924 2806 1062 2853 fabros,
1090 2818 1171 2843 non
1191 2805 1265 2843 alio
1280 2804 1385 2842 sensu
1399 2803 1624 2855 accipienda,
1653 2813 1764 2852 quani
1781 2803 1885 2850 quod

287 2868 424 2906 magna
438 2868 572 2894 eorum
591 2869 672 2906 pars
688 2861 723 2896 ὅς
738 2860 875 2898 fuerint
890 2860 1165 2898 observationes
1193 2863 1229 2898 ὅ(
1257 2859 1296 2897 111
1311 2858 1473 2911 qualibet
1495 2857 1681 2894 literatura
1703 2855 1885 2894 artifieioli

288 2912 397 2949 instat
407 2911 656 2961 syntagmatis.
714 2915 850 2963 Neque
865 2928 908 2953 ex
923 2926 1000 2953 tam
1024 2917 1146 2967 ampla
1160 2914 1335 2965 congerie
1351 2915 1405 2951 vel
1425 2912 1646 2962 pulvisculus
1666 2911 1830 2962 superest,
1859 2909 1885 2948 fi

289 2966 442 3015 excipias
456 2967 636 3017 quaedam
651 2967 899 3017 sacricodicis,
914 2969 1115 3019 posteritati
1130 2969 1262 3008 relic‘ta.
1318 2970 1365 3006 Et
1375 2980 1471 3004 anne
1486 2978 1575 3003 tunc
1586 2965 1736 3015 quidem
1753 2979 1816 3018 per
1826 2975 1886 3003 tot

290 3019 516 3072 scriptorum
531 3020 658 3068 millia,
688 3021 751 3070 qui
761 3020 1111 3063 Solomonisaevum
1126 3024 1356 3070 antecessere,
1385 3021 1663 3073 reperii-ipotuit
1679 3023 1884 3069 quidquam

290 3077 467 3115 novitatis
476 3077 590 3118 titulo
599 3076 844 3117 donandum?
871 3080 1051 3118 Habenda
1071 3090 1198 3118 tamen
1215 3082 1248 3116 ei
1258 3079 1346 3116 fides
1360 3075 1419 3123 est,
1434 3089 1522 3113 eum
1538 3079 1600 3120 air,
1622 3088 1702 3113 non
1715 3076 1886 3113 obstanti-

1817 3131 1884 3169 bus
