1973 3570
121 210 221 261 240

382 198 486 246 DE
537 197 804 245 FLUXU
853 193 958 243 ET
1003 195 1397 243 REFLUXU
1454 196 1728 243 MARIS'.

264 295 350 341 miS,
386 295 427 332 in
451 293 522 332 istis
543 303 690 332 tantum
716 296 863 333 duobus
890 296 983 333 locis
1008 297 1124 332 maria
1153 294 1222 332 effe
1246 297 1371 346 pervia
1397 297 1434 332 δε
1459 297 1650 344 integrum
1678 297 1873 335 circulum·

266 348 451 387 conficere
473 349 595 399 poss‘e3
625 361 710 387 cum
734 360 866 387 contra
889 362 954 400 pei·
976 349 1120 387 medios
1144 351 1278 387 mundi
1302 351 1448 396 tractus,
1479 351 1629 394 objectu
1646 351 1785 402 duplici
1806 363 1864 389 ve-

265 403 354 442 teris
369 406 405 442 &
420 403 509 443 novi
529 404 632 441 orbis
647 405 908 443 abscindantur
924 407 960 442 ὅ(
976 406 1253 454 compellantur
1270 405 1465 453 (tanquam
1481 406 1521 441 in
1537 405 1625 441 ostia
1639 405 1866 455 fluminum)

266 461 308 496 in
322 460 417 497 duos
430 459 515 497 illos
530 460 654 496 alveos
668 472 900 497 oceanorum
914 461 1157 510 geminorum
1173 457 1380 498 Atlantici
1399 462 1437 497 ὅ(
1452 458 1623 506 australis,
1653 462 1718 508 qui
1734 464 1874 499 oceani-

266 515 557 565 exporriguntur
579 512 676 551 inter
696 514 854 553 austrum
871 517 907 552 ὅ(
930 514 1228 566 septentriones;
1257 516 1359 563 quod
1384 514 1629 566 adiaphorum
1649 514 1698 552 est
1720 516 1764 553 ad
1785 527 1869 553 mo—

267 580 352 606 tum
371 569 649 607 consecutionis
664 570 709 607 ab
726 569 870 607 oriente
891 571 931 606 in
949 571 1189 608 occidentem
1204 584 1211 607 :
1240 570 1300 610 Ut
1316 566 1503 608 veriss'ime
1520 570 1686 606 omnino
1702 572 1867 621 capiatur

266 634 395 662 motus
417 635 524 662 verus
546 636 725 672 aquarum
740 626 786 662 ab
809 625 893 671 istis,
923 637 1013 673 quas
1038 624 1209 671 diximuS,
1238 625 1532 662 extremitatibus
1556 624 1670 671 orbis,
1699 625 1762 661 ubi
1786 637 1872 662 non

269 679 539 730 impediuntur,
569 678 631 716 sed
650 691 856 730 permeant.
912 680 1042 728 Atque
1066 681 1236 732 primuni
1252 682 1553 732 experimentum
1570 678 1786 725 hujusmodi
1806 680 1868 718 est.

270 734 727 771 Secundunimncnitffle.
1792 747 1796 751 ·

324 786 1871 828 SUPPONATURfhumnnmnsadostmnistmikhnnkififfiimlhmnmau-

268 854 382 891 quam
412 852 566 888 certam,
610 843 751 879 constat
776 844 952 880 accedere
980 843 1123 880 fluxum
1151 844 1196 880 ad
1224 855 1333 896 caput
1362 844 1473 880 sancii
1504 844 1704 882 Vincentii
1731 845 1877 882 tardius

269 909 383 945 quam
412 897 456 933 ad
480 895 614 933 ostium
634 896 747 937 illuds
787 898 832 934 ad
855 908 963 947 caput
987 899 1221 937 Finis-terrae
1248 899 1388 936 tardius
1411 910 1524 946 quam
1548 899 1593 935 ad
1626 909 1735 950 caput
1758 898 1872 936 sancti

273 951 474 990 Vincentii
489 965 498 992 ς
529 951 575 989 ad
589 950 751 989 Insulam
766 953 882 1002 Regis
896 953 1035 990 tardius
1051 965 1163 1002 quam
1179 954 1224 991 ad
1239 964 1347 1003 caput
1364 955 1620 993 Finis-terrae3
1649 954 1695 990 ad
1711 954 1872 991 insulam

269 1006 415 1044 Hcclias
429 1006 568 1043 tardius
584 1018 697 1054 quam
718 1007 763 1043 ad
778 1007 939 1045 Insulam
955 1010 1087 1058 Regis3
1116 1009 1162 1046 ad
1177 1009 1378 1058 ingressum
1395 1007 1530 1045 canalis
1550 1005 1715 1059 Anglici
1731 1009 1873 1046 tardius

271 1072 385 1109 quam
407 1060 454 1097 ad
473 1061 639 1102 Hechas3
668 1062 713 1099 ad
736 1061 821 1100 litus
841 1060 1149 1102 Nornzannicum
1169 1066 1309 1102 tardius
1333 1075 1446 1112 quam
1470 1063 1515 1100 ad
1541 1063 1742 1112 ingress'um
1768 1076 1873 1101 cana-¹

268 1117 325 1153 lis,
380 1115 579 1164 Hucusque
595 1117 823 1165 ordinatim5
848 1118 893 1155 ad
909 1116 1192 1172 Gravelingam
1205 1132 1295 1157 vero
1309 1118 1416 1157 verso
1431 1118 1579 1169 prorsus
1594 1118 1729 1155 ordine
1746 1117 1875 1167 (idque

269 1182 413 1221 magno
436 1170 542 1219 saltu)
560 1169 657 1220 quasi
681 1172 724 1209 ad
741 1173 899 1210 candem
923 1174 1057 1211 horam
1073 1186 1160 1211 eum
1185 1174 1279 1212 ostio
1299 1174 1386 1212 freti
1404 1171 1602 1210 Herculei.
1657 1175 1743 1211 Hoc
1767 1185 1872 1224 expc-

271 1227 481 1263 rimentum
515 1225 722 1264 secundum
749 1228 796 1265 ad
829 1229 1128 1280 experimentum
1162 1231 1330 1281 primum
1363 1229 1558 1266 trahimus.
1613 1228 1876 1266 Existimamus

272 1282 378 1318 enim
396 1280 733 1329 (quemadmodum
758 1283 831 1328 jam
847 1283 990 1320 dietum
1016 1284 1077 1332 est)
1104 1286 1254 1322 inmari
1281 1281 1427 1329 Indico,
1458 1286 1495 1321 δε
1518 1285 1558 1319 in
1575 1284 1668 1319 mari
1693 1280 1876 1334 Scythico

271 1347 378 1374 veros
401 1335 470 1372 effe
486 1335 609 1373 cursus
624 1349 816 1386 aquarum,
847 1339 892 1375 ab
913 1340 1060 1376 oriente
1084 1338 1200 1376 sciliet
1217 1342 1256 1377 in
1280 1339 1532 1385 occidentem,
1560 1339 1707 1387 pervios
1723 1341 1759 1375 ὃ(
1781 1340 1877 1375 inte-

271 1402 360 1439 gros
373 1404 383 1431 3
412 1400 448 1427 at
464 1391 505 1427 in
520 1392 630 1428 alveis
645 1395 757 1429 maris
772 1391 978 1430 Atlantici
997 1404 1107 1441 atque
1121 1393 1279 1431 australis
1294 1393 1509 1444 compulsos
1524 1395 1559 1429 ὅ(
1574 1392 1810 1440 transversos,
1839 1395 1878 1430 ὅ(

270 1445 447 1482 rest-actos
463 1446 508 1482 ab
534 1446 682 1491 objectu
698 1457 894 1493 terrarum,
924 1460 1018 1496 quae
1043 1450 1220 1497 utrinque
1246 1451 1287 1485 in
1302 1449 1462 1497 longum
1488 1448 1534 1484 ab
1557 1446 1678 1485 austro
1699 1448 1746 1484 ad
1770 1448 1878 1485 bore⁹

273 1512 335 1536 am
359 1498 658 1549 exporriguntur,
689 1503 725 1538 &
748 1501 944 1551 nusquam,
973 1501 1040 1539 nist
1061 1503 1181 1541 versus
1208 1505 1472 1550 extremitates,
1509 1503 1672 1540 liberum
1692 1503 1784 1539 dant
1809 1502 1878 1540 exi-

272 1564 359 1591 tum
384 1556 498 1602 aquis.
555 1556 701 1593 Verum
726 1554 935 1608 compulsio
956 1558 1019 1594 illa
1044 1570 1238 1607 aquarum,
1268 1571 1362 1608 quae
1387 1557 1552 1595 causatur
1577 1569 1596 1594 a
1621 1559 1716 1594 mari
1741 1555 1880 1595 Indico

274 1609 398 1647 versus
415 1610 581 1656 boream,
605 1613 641 1647 ὃ(
657 1612 698 1647 in
714 1610 888 1663 opposito
903 1625 923 1649 a
938 1614 1031 1650 mari
1048 1611 1227 1663 Scythico
1241 1613 1363 1652 versus
1379 1612 1551 1659 austrum,
1580 1612 1701 1665 spatiis
1716 1614 1878 1650 immen-

275 1664 357 1701 sum
371 1663 552 1701 differunt
573 1665 624 1702 ob
644 1664 880 1704 differentem
896 1666 970 1706 vim
996 1671 1031 1705 ὅ(
1048 1671 1173 1720 copias
1196 1681 1385 1718 aquarum.
1442 1667 1650 1708 Universus
1666 1669 1780 1717 igitur
1795 1680 1879 1705 oce-

276 1731 368 1757 anus
382 1717 619 1756 Atlanticus
638 1720 751 1769 usque
772 1723 815 1759 ad
831 1735 934 1760 mare
954 1720 1231 1761 Britannicum
1246 1724 1343 1760 cedit
1364 1721 1579 1774 impulfioni
1594 1725 1705 1760 maris
1720 1721 1852 1760 Indici
1863 1741 1878 1765 ς

275 1784 312 1811 at
334 1774 501 1826 superio-r
516 1784 664 1812 tantum
689 1774 896 1814 Atlantici
909 1776 1018 1814 maris
1039 1791 1132 1828 pars,
1162 1780 1345 1816 nimii-um
1362 1790 1403 1815 ea
1423 1790 1517 1826 quae
1533 1779 1625 1823 jacet
1642 1777 1765 1815 versus
1787 1775 1880 1815 Ῥω
1937 1776 1939 1781 ’

274 1829 381 1866 niani
396 1831 432 1866 ὂ(
449 1826 705 1881 Nor-vigiam,
735 1832 831 1868 cedit
845 1831 1060 1881 impulsioni
1077 1836 1189 1870 maris
1207 1831 1390 1884 Scythici.
1446 1834 1532 1870 Hoc
1545 1844 1637 1870 vero
1651 1834 1702 1870 ita
1721 1833 1879 1870 fieri-ne.-

277 1884 367 1921 cess'e
391 1883 449 1920 est.
506 1886 657 1921 Etenim
683 1887 775 1923 duae
801 1899 958 1937 magnae
975 1887 1116 1925 insulae
1130 1887 1263 1926 veteris
1286 1889 1388 1926 orbis
1403 1890 1439 1925 ὃ(
1462 1889 1553 1925 novi
1575 1888 1676 1925 orbis
1696 1888 1880 1926 eamsunt

278 1938 429 1976 sortitae
451 1938 622 1988 figuram,
652 1951 761 1989 atque
782 1940 830 1979 ita
852 1945 1158 1992 exporriguntur,
1186 1954 1227 1981 ut
1251 1945 1296 1981 ad
1322 1943 1592 1994 septentriones
1611 1945 1718 1990 latae,
1754 1944 1800 1981 ad
1821 1954 1881 1980 auss

276 1993 391 2030 strum
415 2004 542 2030 acutae
566 1993 646 2032 sint.
706 1996 825 2033 Maria
854 1999 967 2047 igitur
983 2008 1115 2035 eontra
1136 1998 1181 2035 ad
1198 1997 1358 2036 austrum
1383 2010 1519 2048 magna
1543 2009 1727 2048 occupant
1752 1998 1881 2050 spatia,

278 2048 325 2085 ad
342 2048 612 2097 septentriones
632 2063 722 2089 vcro
753 2051 811 2097 (ad
830 2052 983 2090 dorsum
999 2050 1178 2105 Europae
1193 2056 1229 2091 ὃς
1254 2050 1368 2103 Afiae
1388 2063 1500 2102 atque
1520 2051 1739 2102 Americae)
1755 2065 1879 2104 parva.

278 2104 406 2151 ltaque
431 2104 563 2152 ingens
588 2106 649 2142 illa
665 2107 787 2143 moles
805 2119 998 2155 aquarum,
1028 2121 1122 2156 quae
1145 2110 1248 2146 venit
1264 2111 1311 2145 ab
1332 2120 1476 2146 oceano
1492 2106 1638 2155 Indice,
1668 2111 1705 2145 δε
1725 2108 1881 2145 ΓεΗοξῒίῑ

278 2159 321 2194 in
345 2169 447 2195 mare
471 2156 736 2207 Atlanticum,
766 2163 865 2211 potis
886 2163 934 2200 est
954 2164 1182 2213 compellere
1203 2166 1239 2200 ὅ(
1253 2163 1403 2201 trudere
1427 2163 1573 2201 cursum
1591 2175 1770 2212 aquarum
1790 2175 1880 2201 con-

277 2215 384 2250 tinua
398 2210 627 2252 successione
648 2212 747 2264 quasi
762 2217 806 2253 ad
829 2230 933 2254 mare
953 2215 1241 2266 Britannicum,
1269 2230 1363 2267 quae
1378 2214 1556 2256 succeffio
1570 2219 1619 2255 est
1634 2218 1759 2256 versus
1774 2219 1880 2256 bore-

279 2279 352 2304 am.
408 2267 463 2304 At
478 2269 542 2305 illa
556 2270 672 2319 longe
687 2272 815 2308 minor
830 2274 959 2321 portio
974 2285 1165 2321 aquarum,
1186 2286 1280 2322 quae
1295 2275 1397 2312 venit
1412 2286 1432 2310 a
1447 2275 1540 2310 mari
1557 2270 1747 2324 Scythico,
1771 2285 1881 2323 quae-

279 2335 352 2370 que
368 2324 479 2359 etiam
495 2324 656 2361 liberum
678 2326 755 2362 fere
775 2327 884 2364 habet
901 2328 1043 2365 exitum
1067 2329 1107 2364 in
1123 2328 1230 2365 cursu
1253 2328 1320 2366 suo
1333 2330 1490 2380 proprio
1504 2327 1626 2366 versus
1640 2328 1880 2367 occidentem

280 2377 325 2412 ad
345 2377 498 2415 dorsum
520 2378 740 2427 Americae,
769 2393 850 2419 non
874 2383 973 2431 potis
988 2381 1037 2420 est
1059 2383 1209 2421 cursum
1225 2395 1404 2432 aquarum
1428 2385 1658 2433 compellere
1673 2384 1796 2421 versus
1818 2396 1881 2421 au-

278 2432 405 2479 strum,
434 2431 500 2469 nili
515 2435 559 2470 ad
584 2447 678 2482 eam,
708 2448 821 2484 quam
845 2438 1018 2484 diximus,
1047 2447 1201 2484 metam,
1231 2450 1367 2487 nempe
1391 2439 1486 2475 circa
1507 2438 1648 2476 fretum
1674 2436 1878 2476 Britanni-

281 2497 375 2522 cnm.
435 2490 589 2526 Necesse
612 2491 660 2526 est
676 2501 801 2528 autem
825 2502 865 2529 ut
881 2493 922 2529 in
947 2492 1113 2529 motibus
1137 2491 1208 2529 istis
1228 2491 1406 2544 oppositis
1421 2491 1462 2530 sit
1485 2494 1639 2532 tandem
1659 2495 1780 2542 aliqua
1802 2505 1880 2532 me-

282 2551 331 2587 ta,
371 2542 434 2578 ubi
463 2555 660 2582 occurrant
681 2548 717 2582 ὃ(
746 2546 1022 2594 conflictentur,
1063 2557 1173 2595 atque
1202 2548 1266 2585 ubi
1296 2549 1337 2584 in
1363 2547 1539 2596 proximo
1565 2558 1730 2585 mutetur
1755 2548 1881 2586 subito

284 2595 383 2632 ordo
411 2596 647 2640 accessionis3
676 2601 1000 2648 quemadmodum
1026 2603 1122 2639 eirca
1148 2600 1430 2654 Gravelingam
1451 2603 1531 2640 fieri
1555 2604 1727 2649 diximus,
1755 2604 1880 2641 limite

284 2649 456 2688 videlicet
472 2650 686 2691 acceffionis
699 2653 860 2693 Indicae
876 2659 912 2694 &
928 2654 1141 2707 Scythicae.
1184 2657 1315 2706 Atque
1329 2659 1491 2696 inveniri
1503 2659 1674 2707 euripum
1689 2658 1880 2705 quendam

284 2717 327 2742 ex
347 2708 544 2743 contrariis
564 2708 721 2747 fluxibus
741 2712 837 2748 circa
847 2708 1116 2758 Hellandiam,
1144 2724 1225 2749 non
1243 2713 1364 2750 solum
1380 2725 1474 2750 exea
1490 2713 1617 2761 (quam
1632 2713 1806 2760 diximus)
1825 2715 1880 2750 in—

285 2758 452 2798 versione
480 2762 623 2799 ordinis
651 2764 829 2802 horarum
859 2767 898 2802 in
934 2766 1047 2814 fluxu,
1090 2764 1152 2804 sed
1180 2768 1294 2804 etiam
1322 2769 1556 2817 peculiari&
1581 2765 1714 2805 visibili
1742 2769 1880 2820 experi-

286 2826 421 2852 mento
444 2828 463 2852 a
478 2817 649 2864 plurimis
669 2819 906 2858 observatum
929 2820 988 2858 est.
1044 2822 1161 2873 Quod
1176 2820 1201 2858 fi
1218 2822 1308 2860 haee
1331 2824 1382 2860 ita
1404 2823 1506 2868 fiant,
1534 2823 1674 2859 reditur
1689 2823 1733 2859 ad
1758 2823 1808 2869 id,
1838 2836 1881 2861 ut

286 2870 426 2907 neccss'c
447 2868 487 2908 fit
501 2870 592 2917 ficri,
622 2882 662 2909 ut
686 2886 763 2921 quo
777 2885 897 2925 partes
922 2873 1180 2914 Atlantici&
1202 2878 1331 2915 littora
1345 2879 1462 2926 magis
1485 2878 1736 2915 extenduntur
1752 2878 1797 2914 ad
1820 2890 1881 2916 au-

286 2923 412 2972 strum,
442 2927 478 2962 ὅ(
502 2928 800 2975 appropinquant
816 2929 906 2966 mari
930 2928 1078 2978 Indico,
1106 2943 1157 2968 eo
1179 2935 1296 2981 magis
1312 2932 1428 2970 fluxus
1452 2941 1656 2968 antevertat
1672 2934 1709 2968 in
1734 2943 1880 2981 praece—

287 2980 425 3027 dentia,
454 2990 585 3030 utpote
606 2982 670 3030 qui
686 2983 826 3020 oriatur
849 2996 869 3021 a
884 2995 995 3023 motu
1010 2987 1079 3023 illo
1102 2985 1245 3024 veroin
1262 2988 1355 3024 mari
1371 2982 1529 3027 Indic03
1557 2998 1636 3034 quo
1657 2999 1745 3024 vero
1761 2990 1879 3037 magis

286 3035 332 3071 ad
359 3035 512 3072 boream
539 3035 667 3085 (usque
681 3037 725 3073 ad
749 3036 910 3076 limitem
933 3052 1195 3087 communem,
1232 3042 1295 3078 ubi
1325 3041 1556 3092 repelluntur
1576 3054 1595 3076 a
1615 3044 1764 3092 gurgite
1786 3046 1879 3080 anti-

285 3088 438 3141 stropho
461 3092 574 3129 maris
598 3088 784 3143 Scythici)
809 3104 857 3130 co
880 3094 1019 3132 tardius
1033 3106 1144 3144 atque
1169 3097 1209 3132 in
1234 3095 1501 3144 subsequentia.
1556 3097 1598 3133 ld
1613 3109 1703 3134 vero
1726 3099 1776 3134 ita
1799 3097 1878 3135 fieri

1776 3163 1877 3201 expe-
