1973 3570
92 173 115 218 3

122 156 188 202 50

459 150 568 196 DE
617 146 1137 196 ΞΑΡΙΕΝΉΑ
1192 147 1659 219 verauera.

262 249 456 297 cujusdam
479 247 537 300 sit)
569 250 758 299 deponere
789 250 825 285 δί
850 245 1078 284 familiariter
1105 246 1237 283 versari
1262 247 1423 284 libenter
1452 246 1737 290 conlucvcrunt‚
1768 250 1877 301 idque

266 306 303 343 se
318 316 403 343 tuto
424 305 540 342 facere
556 305 655 354 polle
678 314 824 355 putant.
880 303 920 339 Id
949 302 1051 352 quod
1081 300 1121 338 in
1137 298 1288 347 Tiberio
1302 300 1480 353 Caesare,
1509 301 1671 354 principe
1701 304 1876 342 omnium

267 360 428 398 maxime
454 356 608 406 difficili,
646 357 836 410 praecipue
871 368 1096 394 annotatum
1132 355 1226 394 fuit:
1267 356 1363 406 apud
1397 369 1510 406 quem
1550 355 1604 393 illi
1634 358 1881 396 solummodo

269 414 418 466 gratiosi
445 422 560 456 erant,
589 416 654 465 qui
684 411 858 451 notitiam
886 424 1042 449 morum
1066 412 1142 456 ejus
1166 422 1292 448 revera
1316 411 1516 457 habebant,
1555 411 1613 448 sed
1640 415 1880 462 pertinaciter

270 474 308 508 ὃς
322 469 420 519 quali
435 469 573 519 stupide
594 465 883 505 diffrmulabant.
915 512 917 514 Ι
940 466 1056 518 Quod
1072 468 1186 503 etiarn
1204 462 1410 504 Lndovico
1425 464 1630 508 undecimo
1645 463 1881 506 Francorum

270 525 348 576 regi
362 523 515 577 principi
531 520 754 568 cautiffimo,
791 525 826 560 ὃ(
842 516 1079 558 callidiflimo
1106 520 1145 558 in
1170 522 1339 558 moribus
1355 531 1443 558 crat.
1500 523 1635 571 Neque
1653 521 1882 571 ineleganter

270 579 310 617 in
331 581 454 617 fabula
473 578 626 631 ponitur
649 588 798 615 antrum
819 576 911 614 illud
932 573 1212 627 Endymionis:
1244 575 1331 627 quia
1362 575 1438 612 fere
1459 574 1632 612 usitatum
1660 577 1707 614 est
1731 579 1803 614 illis
1816 580 1881 630 qui

269 634 486 681 hujusmodi
500 635 615 683 gratia
635 633 731 684 apud
751 630 932 682 principes
944 632 1094 676 florent,
1123 632 1259 668 habere
1275 630 1425 667 scccffus
1441 630 1582 681 aliquos
1594 632 1784 679 amoenos,
1804 645 1882 684 quo

261 688 356 727 'illos
371 688 542 735 invitent,
572 689 617 724 ad
633 687 755 725 otium
785 689 821 724 ὅς
848 685 966 723 animi
995 683 1264 732 remiffionem,
1294 686 1428 734 absque
1458 685 1633 722 fortunae
1656 685 1738 724 suae
1764 688 1880 725 mole.

272 746 492 797 Qui-autem
516 742 554 779 in
571 743 643 779 hoc
669 754 803 791 genere
826 738 974 789 gratiofi
1003 740 1098 786 sunt,
1130 742 1350 790 plerumque
1380 752 1460 776 rem
1489 739 1590 777 suam
1618 742 1714 778 bene
1743 742 1881 792 agunt:

273 801 376 837 Nam
391 797 585 850 principes,
614 796 699 834 licet
720 795 867 834 fortass'e
882 795 927 832 acl
952 795 1114 831 honores
1139 808 1204 831 eos
1228 807 1309 831 non
1335 795 1504 841 evehant,
1534 806 1661 832 tamen
1684 808 1774 833 cum
1792 809 1882 835 vcro

272 853 418 899 affeeru,
447 865 516 888 nec
540 862 693 901 propter
726 849 925 888 utilitatem
950 860 1099 887 tantum
1127 851 1214 886 illos
1249 849 1419 899 diligant,
1448 850 1707 888 nmnificcntia
1731 851 1795 888 sua
1817 864 1883 889 eos

273 908 390 946 ditare
406 906 692 944 consueverunt.
1869 906 1871 909 ’

619 1031 662 1076 9.
708 1016 877 1062 SOROR
904 1016 1229 1069 GIGANTUM‚
1264 1013 1362 1077 five
1383 1012 1537 1060 Fama.

330 1122 373 1161 M
385 1135 594 1162 EMORAN
608 1136 632 1161 T
653 1125 797 1173 po'e'tae,
828 1123 1021 1176 Gigantes
1037 1137 1056 1160 e
1074 1135 1167 1161 terra
1183 1132 1393 1175 procreatos
1410 1122 1552 1159 bellum
1571 1120 1680 1172 Jovi
1694 1125 1731 1161 ὅ(
1745 1122 1881 1176 superis

274 1179 444 1227 intuliss'e,
477 1182 513 1216 ὅ(
540 1179 701 1215 fulmine
731 1178 901 1225 disjcstos
924 1181 961 1214 ὅς
976 1178 1137 1216 ἀενίἃοε
1161 1178 1275 1215 fuisse.
1334 1180 1491 1214 Terram
1507 1189 1631 1215 autem
1647 1179 1805 1216 deorum
1831 1182 1884 1216 ira

274 1234 453 1273 irritatam
468 1234 505 1271 in
522 1233 722 1272 vindictam
748 1245 924 1271 natorum
948 1232 1114 1281 suorum,
1144 1230 1305 1272 Famam
1329 1232 1582 1282 progenuill'e5
1611 1244 1814 1271 extremam
1834 1232 1884 1284 gi-

275 1290 449 1340 gantibus
465 1289 645 1326 sororem.
702 1285 948 1327 AEneid.iv.
985 1288 1071 1337 178.

491 1358 611 1398 Illam
631 1366 738 1397 terra
740 1368 887 1412 parens
907 1360 968 1397 ira
983 1359 1148 1397 irritata
1168 1357 1320 1396 deornm

492 1413 729 1507 {Extremam
746 1414 808 1464 (ut
815 1411 1040 1467 perhibent)
1060 1414 1153 1452 Coeo
1173 1411 1445 1466 Enceladoque
1449 1412 1620 1466 sbrorem

494 1470 508 1486 ζ
539 1470 811 1521 regenale-

278 1568 399 1613 Hujus
430 1566 576 1604 fabulae
605 1578 646 1605 ca
673 1566 856 1604 sententia
882 1565 1027 1604 videtur
1052 1567 1139 1604 effe:
1167 1581 1232 1620 per
1255 1578 1405 1615 terram,
1435 1578 1607 1606 naturam
1630 1569 1732 1618 vulgi
1756 1564 1888 1619 fignifi-

279 1632 422 1669 carunt,
461 1633 644 1673 perpetuo
671 1623 859 1659 tumidam
884 1625 921 1659 &
955 1624 1163 1672 malignam
1191 1622 1313 1660 versus
1341 1625 1577 1674 imperantes,
1620 1626 1657 1661 &
1687 1636 1744 1661 res
1770 1633 1889 1664 novas

279 1679 570 1727 parturientem:
599 1677 689 1715 haec
708 1676 781 1727 ipsa
801 1674 1036 1714 occasionem
1065 1678 1206 1729 adepta,
1235 1679 1391 1715 rebelles
1419 1677 1509 1729 parit
1531 1681 1567 1715 ὃς
1591 1678 1793 1727 seditiosos,
1823 1679 1889 1729 qui

281 1732 466 1782 principes
486 1732 573 1770 ausu
587 1733 736 1770 nefario
757 1733 950 1769 exturbare
979 1735 1015 1769 ὅ(
1047 1732 1202 1778 dejicere
1225 1733 1508 1774 machinantur3
1538 1735 1672 1784 quibus
1699 1733 1890 1791 oppreflis,

283 1787 415 1824 eadem
430 1788 547 1836 plebis
569 1799 701 1825 natura
715 1786 956 1824 deterioribus
970 1788 1108 1835 favens,
1138 1790 1174 1824 δε
1189 1789 1469 1839 tranquillitatis
1483 1788 1690 1837 impatiens,
1719 1793 1891 1829 rumores

284 1841 417 1892 gignit,
447 1845 483 1880 ὃς
498 1842 661 1895 susurros
676 1841 910 1892 malignos&
926 1842 1041 1881 famas
1060 1843 1241 1894 querulas,
1271 1842 1486 1880 &famosos
1510 1841 1669 1890 libellos,
1699 1846 1734 1882 ὅ(
1749 1844 1892 1885 caetera

284 1898 324 1934 id
339 1910 466 1946 genus,
495 1899 540 1935 ad
564 1897 741 1935 invidiam
769 1909 903 1934 eorum
931 1900 995 1949 qui
1015 1899 1122 1936 rebus
1145 1897 1338 1948 praesunt3
1369 1908 1410 1936 ut
1438 1897 1598 1935 actiones
1615 1898 1822 1948 rebellium,
1853 1890 1899 1939 63

285 1952 407 1990 famae
427 1952 616 1990 seditiosae
630 1966 765 2003 genere
786 1955 821 1989 ὅς
841 1952 947 2004 stirpe
973 1966 1054 1990 non
1077 1953 1272 1994 differant3
1303 1953 1364 1990 sed
1379 1953 1495 1991 veluti
1514 1953 1599 1991 sexu
1611 1963 1771 2003 tantum,
1801 1947 1892 2005 cum

285 2007 369 2044 istae
385 2009 584 2045 muliebres
598 2008 803 2054 videantur,
832 2008 918 2045 illae
937 2008 1070 2048 virileS.
1872 2016 1896 2022 *¹

518 2134 591 2163 10.
629 2123 779 2165 ACTA
795 2134 899 2164 EON
925 2121 968 2164 &
989 2117 1297 2175 PENTHEUS,
1321 2119 1420 2183 five
1444 2115 1658 2181 Cariosus.

342 2231 376 2268 C
386 2242 449 2268 UR
460 2242 474 2268 1
484 2243 509 2268 o
518 2243 535 2268 s
546 2243 560 2268 1
570 2243 648 2269 ras
668 2231 831 2269 humana
847 2233 887 2269 in
903 2231 1046 2270 secretis
1062 2231 1250 2279 rimandis,
1280 2235 1317 2270 ὃ(
1330 2244 1463 2270 eorum
1483 2233 1621 2269 notitia
1635 2233 1801 2281 appetitu
1815 2244 1892 2271 ma-

287 2286 323 2322 le
343 2285 433 2324 sano
452 2286 759 2335 concupiscenda,
788 2290 824 2324 ὅ(
842 2286 1057 2339 prensanda‚
1085 2285 1224 2340 duplici
1251 2289 1417 2339 exempla
1441 2287 1537 2338 apud
1557 2286 1730 2338 antiquos
1743 2284 1901 2326 coerces

288 2351 369 2378 tur:
399 2343 519 2378 altero
532 2340 758 2389 Aaaeonz‘s,
786 2343 907 2380 altero
921 2339 1105 2381 Penthei.
1161 2340 1340 2381 Aaaeon
1357 2355 1444 2379 eum
1456 2340 1638 2379 Dianam
1661 2343 1896 2394 imprudens,

290 2398 328 2432 ὃς
343 2396 425 2434 casu
439 2395 515 2433 fine
530 2397 623 2434 veste
637 2398 790 2444 vidiss'et‚
820 2399 860 2434 in
874 2409 1027 2435 cervum
1040 2397 1174 2444 versus,
1204 2410 1223 2434 a
1237 2394 1388 2435 canibus
1402 2410 1496 2448 quos
1512 2398 1643 2444 alebat,
1672 2397 1891 2437 dilaceratus

292 2449 352 2486 cst.
409 2449 625 2499 Pentheus,
655 2464 744 2490 cum
770 2451 1033 2489 sacrificiorum
1056 2449 1207 2490 Bacchi
1229 2454 1480 2498 occultorum,
1518 2451 1719 2489 conscensa
1745 2453 1892 2503 arbore,

290 2504 469 2555 spectator
484 2506 552 2543 ess'e
566 2505 745 2554 voluisset,
761 2507 888 2545 furore
903 2505 1058 2557 percitus
1073 2508 1132 2545 est.
1188 2508 1271 2545 Fuit
1284 2517 1409 2545 autem
1426 2504 1601 2544 ‘Penthei
1615 2505 1804 2544 dementia
1813 2509 1894 2556 ejus

288 2558 445 2607 generis,
474 2572 514 2598 ut
538 2573 596 2599 res
610 2562 886 2612 congeminasse
909 2561 1140 2610 existimaret,
1169 2565 1207 2599 ὅ(
1221 2563 1300 2600 duo
1318 2562 1413 2600 soles
1437 2564 1474 2599 ὅ(
1489 2561 1611 2600 rursus
1632 2562 1725 2598 duae
1741 2557 1894 2602 Thebae

257 2606 322 2650 ’ei
338 2614 390 2650 ob
405 2617 535 2652 oculos
549 2615 779 2656 versarentur
794 2632 804 2659 5
833 2618 929 2655 adeo
948 2629 1036 2655 cum
1053 2613 1204 2655 Thebas
1217 2627 1446 2670 properaret,
1475 2617 1594 2654 statim
1613 2617 1734 2653 alteris
1751 2613 1893 2657 Thebis>

288 2667 493 2719 conspectis
508 2672 770 2710 retraheretur:
799 2682 909 2723 atque
936 2672 1012 2710 hoc
1026 2673 1147 2711 modo
1160 2682 1343 2726 perpetuo
1358 2675 1395 2710 &
1409 2671 1605 2723 irrequicte
1623 2670 1765 2709 sursum
1781 2675 1818 2711 &
1832 2675 1893 2725 de-
1914 2683 1923 2695 ·

289 2721 416 2761 orsum
431 2723 599 2762 ferretur.
655 2724 842 2765 AEneid.
859 2729 907 2766 iv.
941 2729 1037 2778 469.

502 2797 757 2838 Eumenidum
773 2799 903 2840 veluti
913 2799 1067 2840 demens
1081 2799 1196 2840 videt
1209 2802 1366 2855 agmina
1379 2801 1578 2848 Pentheus,

504 2848 566 2889 Et
569 2851 692 2904 solem
699 2856 908 2907 geminam,
939 2852 986 2900 <VJ
1003 2855 1173 2910 duplices
1181 2856 1229 2910 fi'
1247 2854 1437 2908 ostendere
1449 2855 1608 2894 Thebas.

289 2943 513 2983 Fabularum
539 2947 669 2998 prima,
697 2948 744 2984 ad
772 2950 909 2989 secreta
936 2951 1171 3005 principum;
1200 2952 1369 3000 secunda,
1398 2951 1444 2989 ad
1473 2950 1606 2989 secreta
1633 2949 1760 2989 divina
1779 2945 1890 3002 perti-

289 3010 378 3036 nere
396 2999 553 3039 videtur.
606 3003 684 3054 Qi
707 3002 810 3040 enim
837 3006 1066 3056 principibus
1086 3021 1167 3045 non
1187 3004 1345 3055 adrniffi,
1385 3009 1421 3044 ὅ(
1450 3015 1592 3058 praeter
1606 3019 1742 3045 corum
1760 3007 1894 3045 volun-

289 3062 407 3093 tatem
420 3054 648 3096 secretorum
668 3057 809 3097 conscii
839 3059 934 3108 sunt,
965 3062 1097 3101 odium
1121 3060 1367 3102 certissimum
1389 3061 1485 3113 apud
1510 3073 1574 3099 cos
1599 3061 1892 3115 consequuntur.

1768 3118 1894 3172 Itaque

1871 3189 1892 3232 3
