1973 3570
222 197 323 252 ET
369 196 878 251 DEMOCRITI
927 195 1542 254 PHILOSOPHIA.

83 317 181 359 mur,
204 311 269 350 ubi
284 310 473 360 eleganter
489 305 643 370 fingitur
661 301 820 360 Cupido,
842 319 960 346 ovum
973 308 1087 347 nodie
1106 308 1308 348 incubante
1323 309 1524 351 exclusum.
1580 313 1673 354 Cer-

81 378 120 406 te
134 367 277 406 sanctus
289 362 534 417 philosophus
547 373 597 402 ita
611 361 850 414 pronuntiat:
864 360 1131 416 Cunft‘afi’cit
1140 361 1261 403 Deus
1269 361 1435 418 pulchra
1442 366 1671 420 tempestati-

81 420 152 462 bus
158 419 260 474 fitis,
284 415 333 463 ῤ’
347 415 528 458 mundum
541 415 713 457 tradidit
733 413 1061 470 disputationibus
1072 429 1200 457 eorum
1214 432 1224 461 ;
1251 419 1314 458 ita
1328 426 1458 458 tamen
1471 428 1517 459 ut
1527 434 1600 461 non
1614 425 1669 463 in·—

80 476 223 516 veniat
232 473 341 514 homo
354 482 447 528 opus
459 469 564 527 quod
574 478 755 525 operatus
769 467 821 522 est
833 469 955 512 Deus
967 485 993 511 a
1010 473 1201 526 principio
1222 471 1337 528 usque
1352 472 1409 513 ad
1415 472 1549 526 finem.
1595 479 1672 519 Lex

79 530 184 570 enim
202 530 347 570 summa
360 528 532 567 essentiae
546 538 657 576 atque
671 536 833 576 naturae,
862 539 956 577 quae
980 525 1247 567 viciffitudines
1273 541 1401 567 rerum
1422 531 1517 569 secat
1539 534 1574 569 ὅ(
1589 545 1670 585 per-

77 588 206 634 currit,
226 584 284 635 (id
298 583 402 635 quod
417 596 461 623 ex
474 582 678 621 verborum
690 582 891 632 complexu
904 581 1059 621 describi
1073 583 1241 625 videtur;
1269 593 1363 634 opus
1378 586 1480 634 quod
1496 592 1669 637 operatus

77 641 128 680 est
142 636 247 683 Deus
260 651 281 678 a
293 640 483 693 principio
498 637 613 686 usque
626 637 672 674 ad
683 635 814 686 finem)
829 636 881 676 vis
895 635 1034 676 scilicet
1047 639 1179 691 primis
1193 638 1383 689 particulis
1401 653 1422 677 a
1436 641 1523 680 Deo
1538 641 1668 691 indita,

77 707 122 735 ex
135 696 240 744 cujus
253 692 564 744 multiplioetione
581 693 708 730 omnis
726 703 854 730 rerum
869 694 1024 731 varietas
1051 695 1218 744 emergat
1247 696 1283 732 &
1303 693 1501 744 confletur,
1530 698 1670 747 cogita·

74 750 224 789 tionem
237 747 458 788 mortalium
477 747 720 798 perstringere
741 747 871 800 potest,
895 747 1017 787 subite
1035 749 1095 786 vix
1123 749 1252 800 potest.
1309 746 1514 803 Aptissime
1543 763 1671 791 autem

75 805 240 844 refertur
251 804 345 842 illud
358 804 405 842 dc
419 814 498 841 ovo
516 803 637 840 noctis
655 802 702 839 ad
717 801 1052 841 demonstrationes
1067 815 1132 855 per
1147 816 1236 853 quas
1251 802 1396 857 Cupido
1415 805 1478 844 iste
1491 806 1531 845 in
1543 808 1669 846 lucem

75 861 210 899 editur.
265 860 373 911 Qae
401 857 504 898 enim
531 869 598 908 pet
625 852 860 896 affirmativas
886 858 1179 906 concluduntur,
1212 860 1388 899 videntur
1401 871 1525 912 partus
1547 864 1668 906 lucis3

73 922 170 966 quae
181 923 274 955 veto
286 926 351 967 per
365 914 552 964 negativas
567 915 603 950 ὅ(
623 909 859 959 exclusiones,
888 924 930 951 ea
948 923 1128 963 tanquam
1144 926 1164 952 a
1177 915 1342 953 tenebris
1372 917 1408 953 &
1424 917 1535 955 nocte
1550 917 1665 968 expri—

73 967 232 1009 mudtur
253 971 290 1009 ὅ(
315 968 537 1007 educuntur.
591 968 652 1005 Est
672 978 798 1005 autem
824 966 885 1006 iste
900 965 1044 1021 Cupido
1057 981 1143 1008 vere
1161 981 1279 1007 ovum
1294 969 1480 1008 exclusum
1497 983 1517 1009 a
1531 974 1667 1016 noste3

73 1021 212 1078 notitia
225 1026 329 1063 enim
343 1024 420 1070 ejus
436 1022 547 1074 (quae
566 1020 728 1060 omnino
742 1021 868 1060 haberi
886 1022 1021 1073 potest)
1037 1024 1206 1074 procedit
1223 1036 1289 1074 per
1307 1022 1529 1064 exclusiones
1554 1029 1590 1065 ἃ.
1604 1040 1668 1066 ne-

72 1076 221 1132 gati‘vas.
275 1079 455 1118 Probatio
481 1088 607 1115 autem
627 1089 692 1128 per
712 1074 962 1115 exclusionem
989 1078 1094 1126 facta,
1124 1080 1304 1131 quaedam
1327 1079 1518 1129 ignoratio
1545 1081 1605 1129 est,
1630 1085 1669 1122 ὅ(

70 1146 252 1196 tanquam
265 1146 354 1180 nox,
364 1133 490 1182 quoad
512 1131 550 1169 id
564 1133 667 1184 quod
683 1131 898 1170 includitur.
955 1134 1082 1186 Quare
1096 1134 1281 1183 praeclare
1303 1131 1562 1173 Democritus
1584 1148 1664 1174 ato-

71 1201 158 1232 mos
177 1187 248 1229 sive
262 1187 412 1235 semina,
436 1198 547 1239 atque
572 1199 705 1224 eorum
722 1185 915 1234 virtutem,
936 1187 1077 1226 nullius
1091 1189 1145 1226 rei
1159 1186 1304 1235 fimilia,
1325 1201 1418 1237 quae
1433 1188 1498 1227 sub
1519 1190 1664 1230 sensum

70 1243 201 1284 cadere
213 1243 344 1294 posl'et,
370 1241 537 1283 afferuit3
575 1240 636 1279 sed
669 1253 712 1280 ea
737 1240 886 1294 prorsus
906 1253 1012 1281 caeca
1046 1244 1084 1280 &
1109 1242 1331 1281 clandestina
1350 1253 1482 1281 natura
1500 1243 1661 1296 insignit„

68 1302 199 1351 Itaque
211 1299 259 1338 de
273 1296 357 1349 ipsis
371 1297 630 1349 pronuntiavit
647 1301 656 1334 ὲ
1531 1293 1546 1317 ⁹

195 1411 199 1421 ,.
399 1369 540 1426 Neque
550 1368 650 1424 fimt
663 1370 747 1426 igni
765 1356 966 1424 simulata,
983 1383 1105 1427 neque
1117 1357 1221 1412 u'l'lae

236 1427 454 1469 Praeterea
473 1427 558 1474 reii,
587 1426 684 1480 quae
703 1436 857 1480 corpora
869 1427 1028 1466 mittere
1044 1425 1161 1480 poffit

232 1481 416 1536 Sensibus,
440 1478 486 1524 ὠ
502 1477 645 1533 nostias
657 1478 814 1536 adjec‘Ju
832 1483 991 1536 tangere
1009 1478 1151 1522 tacius-⁴
1205 1483 1314 1522 Lucr.
1330 1483 1355 1521 1.
1372 1492 1404 1521 1.
1420 1495 1495 1525 ver.
1510 1486 1536 1522 6
1542 1483 1562 1523 8
1570 1483 1609 1525 8.·

67 1579 119 1648 Et
128 1574 252 1629 rursus
264 1576 313 1618 dc
325 1577 462 1617 ‘virtute
475 1578 610 1637 eorum
627 1583 637 1614 ὲ
679 1571 781 1615 Ibid.
801 1587 876 1615 ver.
889 1576 941 1626 77
949 1575 986 1616 8.

87 1695 92 1703 ,
144 1701 147 1705 ,
169 1643 172 1648 ’
195 1645 197 1647 ’
227 1646 295 1692 At
304 1648 522 1706 primordia
535 1638 751 1704 gignundis
766 1649 810 1689 in
822 1648 933 1689 rebus
947 1644 1096 1704 oportet

210 1741 213 1745 ,
229 1699 438 1747 Naturam
456 1699 733 1756 clandestinam
745 1716 970 1760 caecamque
982 1702 1174 1754 adhibere,
1219 1745 1221 1751 ,

229 1760 420 1804 Emineat
439 1773 485 1801 ne
499 1758 606 1816 quid,
631 1757 736 1815 quod
749 1767 886 1800 contra
901 1767 1054 1814 pugnet
1080 1756 1128 1804 dv*
1147 1754 1276 1814 obstet‘.

1574 1641 1582 1642 ἶ
1605 1639 1655 1646 -οο

68 1857 197 1908 Itaque
222 1856 342 1895 atomi
358 1867 479 1906 neque
498 1853 593 1906 ignis
613 1853 794 1902 scintillis,
819 1865 946 1904 neque
967 1866 1084 1905 aquae
1106 1854 1230 1906 guttis,
1259 1867 1382 1905 neque
1404 1854 1510 1894 aurae
1537 1853 1662 1906 bullis,

69 1920 193 1964 neque
219 1912 382 1963 pulveris
414 1912 548 1961 granis,
578 1922 703 1960 neque
731 1908 878 1961 spiritus
908 1919 972 1947 aut
996 1910 1154 1948 aetheris
1186 1910 1378 1959 minutius,
1405 1909 1541 1950 similes
1563 1912 1658 1951 sunt.

69 1967 209 2017 Neque
227 1967 283 2006 vis
302 1968 339 2005 δι
358 1966 484 2004 forma
499 1977 635 2004 eorum
649 1975 713 2004 aut
736 1976 847 2015 grave
861 1964 1042 2015 quiddam
1057 1965 1107 2003 est
1132 1975 1196 2003 aut
1212 1966 1304 2013 leve,
1331 1977 1395 2004 aut
1416 1966 1576 2005 calidum
1599 1980 1661 2006 aut

68 2020 261 2073 frigidm,
288 2032 351 2060 aut
364 2020 536 2068 densum,
562 2030 626 2060 aut
649 2032 787 2068 rarum,
805 2029 868 2058 aut
882 2020 1021 2058 durum
1051 2030 1115 2058 aut
1129 2021 1262 2068 molle,
1288 2022 1411 2070 qualia
1435 2024 1475 2058 in
1495 2026 1662 2074 corpori-

66 2076 137 2116 bus
161 2075 421 2128 grandioribus
459 2076 729 2118 iuveniunturs
769 2087 860 2113 cum
894 2075 978 2113 istae
1011 2076 1178 2122 virtutes,
1212 2077 1249 2113 &
1287 2077 1450 2125 reliquae
1478 2075 1516 2114 id
1543 2089 1662 2126 genus

68 2130 294 2187 compositae
318 2129 388 2169 sint
422 2133 459 2169 &
478 2130 672 2170 conflatae.
730 2131 868 2181 Neque
895 2128 1065 2168 similiter
1085 2141 1212 2168 motus
1238 2131 1414 2169 naturalis
1436 2133 1568 2179 atomi,
1597 2144 1661 2170 aut

67 2181 199 2226 motus
221 2186 286 2225 illc
307 2187 357 2224 est
389 2185 596 2233 descensus,
623 2186 690 2234 qui
713 2186 920 2236 appellatur
944 2184 1118 2222 naturalis
1141 2194 1204 2223 aut
1235 2196 1364 2224 motus
1391 2182 1446 2223 illi
1473 2184 1662 2235 oppositus

70 2239 233 2294 (plagae)
264 2251 328 2280 aut
350 2251 478 2279 motus
501 2237 732 2291 expansionis
764 2241 802 2278 &
834 2239 1112 2292 contraClionis,
1135 2249 1197 2277 aut
1219 2252 1346 2278 motus
1379 2239 1597 2292 expulsionis
1624 2244 1661 2279 ἀ

67 2308 195 2344 nexus,
217 2307 280 2334 aut
296 2306 423 2334 motus
438 2294 633 2334 rotationis
646 2294 874 2341 coelestium,
897 2304 959 2332 aut
983 2293 1164 2344 quispiam
1202 2306 1243 2331 cx
1268 2296 1347 2332 aliis
1369 2293 1535 2332 motibus
1554 2307 1660 2344 gran-

67 2352 235 2399 diorum,
262 2349 487 2401 simpliciter.
554 2351 687 2400 Atque
709 2349 961 2386 nihilominus
994 2351 1032 2387 ὅ(
1053 2350 1095 2386 in
1126 2357 1285 2399 corpore
1318 2351 1437 2387 atomi
1470 2350 1657 2388 elementa

67 2404 242 2455 omnium
257 2416 474 2456 corporum,
497 2403 589 2443 &in
603 2415 714 2443 motu
731 2406 768 2443 &
780 2405 919 2442 virtute
936 2404 1056 2456 atomi
1085 2401 1192 2441 initia
1218 2403 1394 2442 omnium
1414 2414 1594 2455 motuum
1616 2407 1654 2443 δε

64 2463 249 2501 virtutum
262 2460 399 2499 insunt.
451 2462 714 2501 Veruntamen
733 2457 772 2496 in
790 2458 866 2497 hoc
883 2457 976 2510 ipso,
992 2456 1173 2495 nimirum
1187 2456 1234 2494 de
1247 2470 1356 2497 motu
1370 2457 1502 2507 atomi,
1515 2461 1658 2498 collato

67 2512 114 2565 ad
128 2526 281 2569 motum
294 2516 551 2566 grandiorum,
571 2513 807 2568 philosophia
825 2514 1020 2566 parabolae
1040 2524 1061 2550 a
1082 2510 1314 2566 philosophia
1336 2508 1565 2566 Democriti
1591 2513 1659 2553 dis-

67 2571 205 2611 sentire
219 2570 374 2610 videtur.
429 2567 689 2608 Democritus
701 2567 804 2606 enim
819 2575 901 2606 non
915 2567 1077 2606 omnino
1086 2567 1280 2620 parabolae
1295 2579 1457 2616 tantum,
1471 2564 1532 2607 sed
1549 2572 1583 2606 ὅ(
1593 2567 1661 2609 sibi

68 2636 222 2679 quoque
237 2628 367 2679 impar,
397 2626 435 2663 ὅ(
454 2625 531 2662 fere
549 2622 755 2664 conttarius
774 2622 952 2676 reperitur
979 2621 1019 2660 in
1042 2623 1098 2669 iis,
1130 2630 1223 2673 quac
1243 2624 1401 2673 amplius
1429 2624 1475 2661 ab
1494 2624 1542 2661 eo
1564 2623 1660 2663 circa

68 2682 144 2720 hoc
160 2682 256 2729 dista
275 2680 370 2719 sunt.
425 2678 566 2718 Debuit
592 2680 698 2717 enim
712 2689 865 2716 motum
891 2678 1185 2726 heterogcneuiii
1213 2688 1346 2716 atomo
1373 2679 1549 2726 tribuere,
1575 2692 1658 2718 non

67 2738 193 2774 minus
210 2747 324 2785 quam
339 2746 472 2788 corpus
498 2735 796 2784 heterogeneum
816 2735 852 2771 δ(
876 2734 1057 2771 virtutem
1076 2732 1377 2782 heterogcneam'.
1433 2727 1576 2772 Verum
1595 2734 1658 2772 ille

68 2787 196 2831 m0t³us
212 2792 307 2828 duos
329 2782 521 2828 descensus
534 2787 712 2839 gravium,
747 2790 785 2825 &
802 2786 995 2825 adscensus
1017 2788 1158 2824 levium
1191 2783 1319 2837 (quem
1346 2792 1411 2838 per
1425 2790 1571 2840 plagam
1586 2787 1656 2826 five

69 2841 343 2896 percuffionem
357 2846 474 2895 magis
487 2842 656 2894 gravium
682 2843 861 2894 pellendo
883 2843 1010 2880 minus
1031 2843 1155 2892 gravia
1175 2840 1215 2880 in
1244 2842 1404 2896 superius
1418 2840 1650 2894 expediebat)

69 2901 210 2950 delegit
230 2909 274 2938 ex
303 2900 470 2938 motibus
496 2898 755 2949 grandiorum,
774 2908 870 2946 quos
896 2904 1030 2935 atomo
1044 2907 1085 2934 ut
1107 2894 1317 2946 primitivos
1344 2898 1652 2936 communicaret.

68 2954 248 2993 Parabola
259 2964 384 2993 autem
399 2955 689 3004 heterogeneam
708 2955 745 2990 δ(
764 2946 1014 2989 exclusionem
1036 2951 1175 3000 ubique
1189 2958 1328 3000 tuetur,
1356 2957 1435 2991 tam
1461 2951 1654 2989 substantia

69 3019 186 3060 quam
206 3019 329 3057 motu.
386 3009 440 3047 At
464 3009 639 3060 parabola
665 3006 820 3045 ulterius
842 3005 981 3054 innuit,
1011 3006 1156 3054 harum,
1179 3006 1226 3045 de
1245 3004 1377 3057 quibus
1400 3005 1569 3051 diximus,
1597 3017 1653 3043 ex-

68 3060 280 3118 clufiqnugn
295 3063 411 3103 finem
425 3065 588 3113 aliquem
604 3064 642 3101 ὃς
655 3061 817 3100 modum
831 3060 927 3103 effe;
967 3072 1089 3113 neque
1112 3057 1217 3099 enim
1239 3064 1421 3115 perpetuo
1449 3071 1524 3098 nox
1552 3061 1655 3098 incu-

69 3119 144 3165 bat.
184 3108 332 3168 ”Atque
342 3117 416 3157 Dei
425 3128 534 3163 certe
546 3119 742 3170 proprium
761 3113 926 3210 est‚cur}1
939 3115 987 3155 de
1013 3117 1092 3165 ejus
1111 3126 1244 3155 natura
1269 3116 1470 3164 inquiritur
1498 3125 1563 3165 per
1578 3113 1657 3152 sen‘-

113 3171 242 3215 VOZ.
268 3171 313 3212 IL
853 3171 878 3211 S
1565 3169 1658 3215 sum,

1747 225 1848 274 32¹,
