1973 3570
134 204 162 243 '1
174 204 241 257 921-

422 178 876 235 HISTORIA'
904 173 1096 222 S-ONI
1146 164 1246 221 ET
1313 171 1701 220 AUDITUS.

277 282 448 334 quentin
478 283 592 320 etiam
607 279 731 318 sermo
744 277 1025 327 intelligebatur
1046 274 1284 320 articulatim,
1312 271 1375 310 sed
1403 274 1545 310 mirum
1560 275 1599 309 in
1619 272 1779 309 modum
1795 285 1874 311 acur-

281 351 353 386 ωε,
381 340 418 376 &
439 336 549 375 instar
567 333 663 374 sibili
681 334 771 380 fere,
800 333 920 382 qualis
941 333 982 368 in
1000 340 1183 380 puparum
1203 328 1295 366 ludo
1314 339 1387 366 vox
1403 327 1567 364 exaudiri
1589 326 1694 364 solet.

335 394 389 432 IN
399 404 460 443 qu
471 401 664 429 IRATUR
679 388 774 426 illud
788 387 921 433 exacte,
951 395 992 423 ut
1007 384 1181 422 reddatur
1195 384 1361 420 omnino
1381 380 1591 430 positivum,
1621 392 1748 419 utrum
1762 379 1881 433 possit

285 448 456 500 generari
475 445 597 492 sonus,
627 441 693 482 nisi
712 441 753 480 fit
768 444 827 480 aer
847 441 943 479 inter
958 441 1167 490 percutiens
1188 440 1225 476 &
1238 436 1446 487 perculsum
1465 448 1611 487 eorpus.
1668 437 1797 474 Veluti
1818 438 1878 475 de-

285 505 485 542 mittantur
515 500 592 538 duo
620 499 737 551 lapilli
766 495 919 548 pensiles
946 507 1012 547 per
1040 494 1146 532 filum
1175 494 1216 530 in
1247 493 1387 542 pelvim
1417 503 1533 539 aquae
1561 491 1619 528 vel
1648 490 1804 538 flumen,
1842 495 1882 530 δε

285 559 472 604 agitentur
501 565 542 593 ut
566 555 774 606 percutiant
800 551 836 589 sc
861 550 1020 589 invicem
1050 551 1089 586 in
1115 548 1245 585 medio
1268 559 1406 596 aquac3
1444 547 1507 584 vel
1536 547 1705 582 mittatur
1735 546 1881 598 forceps

288 600 428 663 apertus
443 613 483 648 in
497 611 666 647 medium
682 619 807 656 aquae,
836 609 872 644 ὃς
893 607 942 643 ibi
960 605 1171 642 claudatur:
1202 605 1239 640 &
1258 612 1411 639 notetur
1422 611 1552 638 utrum
1570 601 1654 637 edat
1669 600 1816 647 sonum,
1844 605 1882 639 δε

290 668 450 715 qualem.
504 664 690 713 Equidem
711 661 881 699 existimo
900 662 1106 698 urinatores
1127 670 1214 695 cum
1233 667 1363 694 natant
1379 657 1501 693 subter
1517 667 1649 704 aquam
1674 667 1755 692 non
1775 656 1883 694 cdere

292 724 444 761 sonum3
473 717 538 757 nisi
554 713 714 756 fortassis
730 718 860 764 aliquis
875 715 943 752 ess'e
958 711 1070 764 possit
1085 725 1149 765 per
1163 708 1431 749 success'roncm
1447 721 1576 748 motus
1590 711 1635 747 ad
1653 709 1883 759 superficiem

292 788 418 827 aquae,
447 783 555 821 atque
573 773 658 809 inde
674 772 905 823 percutiente
921 781 1013 817 aqua
1033 770 1166 805 ae‘rem.

344 831 552 867 DumUM
568 838 648 863 non
667 825 728 871 est,
758 826 850 872 quin
867 826 905 860 in
930 823 1074 860 utribus
1088 820 1226 867 clausis,
1255 833 1325 858 nec
1339 820 1487 872 prorsus
1514 821 1688 871 impletis,
1717 822 1753 857 ὃς
1773 823 1883 870 agita-

289 885 350 930 tis,
379 883 550 920 reddatur
568 881 689 927 sonus,
711 879 866 928 liquoris
882 878 1019 914 scilicet
1034 879 1073 913 in
1089 876 1131 913 iis
1145 877 1337 913 contenti:
1365 887 1435 912 nec
1451 876 1575 912 minus
1593 876 1758 912 redditur
1773 876 1888 914 sonus

294 937 453 976 demisso
473 936 591 987 lapide
618 936 657 971 in
682 945 828 983 aquam,
866 944 953 970 cum
976 933 1157 981 percutiat
1184 930 1345 967 fundum
1370 927 1469 966 vafis.
1525 931 1671 967 Verum
1696 932 1737 966 in
1761 930 1886 979 primo

292 994 553 1043 experimento
580 988 804 1026 admiscetur
830 991 912 1028 a'er3
948 989 988 1024 in
1010 986 1174 1023 secundo
1193 981 1378 1034 pereuffio
1397 984 1505 1021 fundi
1529 982 1613 1021 vasis
1633 996 1697 1036 per
1717 985 1888 1035 lapillum

291 1048 550 1084 communicat
573 1055 660 1081 cum
674 1045 756 1080 ae‘re
770 1054 871 1080 extra
885 1053 956 1078 vas.
1013 1041 1068 1078 At
1083 1039 1163 1092 post
1177 1036 1452 1090 percussionem
1469 1040 1628 1087 primam
1650 1051 1730 1076 non
1745 1041 1888 1078 necesse

293 1102 345 1138 est
371 1112 411 1138 ut
440 1102 501 1135 aer
528 1097 570 1135 fit
595 1102 634 1135 in
658 1097 787 1134 medio
808 1110 872 1148 per
899 1095 1106 1133 universam
1132 1106 1254 1132 aream
1280 1094 1449 1143 sphaerae
1473 1094 1696 1131 deferentis:
1734 1106 1825 1131 nam
1849 1095 1889 1133 id

293 1158 477 1193 evincitur
499 1166 564 1207 per
579 1155 877 1205 experimentum
901 1153 1088 1199 loquentis
1105 1152 1144 1186 in
1168 1148 1270 1187 situla
1285 1149 1408 1186 subter
1431 1161 1577 1197 aquam,
1607 1149 1671 1186 ubi
1691 1161 1772 1200 pars
1787 1150 1888 1187 defe-

297 1213 414 1247 rentis
441 1222 484 1247 ex
509 1219 603 1257 aqua
629 1220 712 1245 non
734 1209 783 1245 est
808 1210 880 1254 a’e'r,
919 1207 980 1244 sed
1006 1207 1154 1255 lignum
1177 1204 1315 1246 situlae,
1352 1207 1389 1242 ὅ(
1407 1216 1520 1253 aqua;
1557 1204 1657 1241 unde
1684 1205 1828 1242 acuitur
1852 1207 1889 1243 ὅ(

296 1266 479 1302 minuitur
496 1263 619 1309 sonus,
647 1265 685 1300 ὃ(
699 1263 942 1312 extinguitur.

347 1320 490 1370 QUON
500 1328 594 1356 IAM
606 1329 729 1355 autem
743 1316 978 1354 manifestum
988 1316 1047 1363 est,
1068 1328 1132 1367 pei·
1143 1326 1299 1364 corpora
1313 1314 1402 1351 dura
1419 1313 1533 1360 (velut
1548 1324 1685 1350 terram
1696 1313 1890 1363 figularem

294 1377 334 1412 ὅ(
355 1375 508 1422 vitrum)
533 1370 684 1410 transire
706 1374 743 1410 ὅ(
764 1382 956 1422 penetrare
978 1371 1136 1411 sonum3
1174 1371 1287 1418 idque
1309 1371 1423 1406 etiam
1447 1365 1692 1405 certissimum
1715 1369 1764 1406 est
1787 1371 1894 1418 (licet

295 1428 416 1467 adhuc
439 1427 641 1466 hominum
668 1426 969 1465 observationem
997 1426 1159 1472 latuerit)
1190 1423 1302 1461 iness'c
1326 1425 1365 1459 in
1395 1425 1503 1459 omni
1531 1434 1691 1472 corpore
1719 1425 1892 1475 tangibili

294 1485 577 1535 pneumaticum
601 1481 779 1530 quiddam
801 1491 943 1532 praeter
966 1490 1088 1531 partes
1107 1479 1231 1517 craffas
1254 1479 1529 1524 intermixtum,
1566 1476 1771 1515 videndum
1795 1492 1891 1519 num

296 1535 510 1584 hujusmodi
522 1537 737 1587 penetratio
747 1535 830 1573 soni
850 1547 931 1573 non
945 1535 1034 1571 inde
1048 1534 1122 1581 fiat,
1152 1534 1255 1582 quod
1270 1543 1388 1585 partes
1408 1533 1665 1583 pneumaticae
1680 1530 1750 1570 five
1764 1536 1891 1586 a'e'reae

241 1604 243 1607 ·
297 1593 468 1642 corporis
486 1591 688 1640 tangibilis,
716 1591 1003 1628 communicent
1022 1601 1110 1626 cum
1130 1591 1213 1626 aere
1229 1599 1395 1625 externo.

351 1647 538 1684 Aecum
562 1646 729 1682 catinum
750 1656 865 1694 aquae
883 1655 1115 1694 argenteum,
1143 1645 1303 1681 alterum
1326 1645 1519 1692 ligncun'13
1557 1644 1681 1694 accipe
1705 1643 1892 1696 forcipem

297 1701 470 1748 ferream,
498 1702 535 1737 ὅ(
557 1710 708 1749 percute
722 1699 815 1737 fines
837 1700 913 1745 ejus
928 1702 1025 1737 intra
1050 1711 1183 1748 aquam
1200 1699 1239 1735 in
1262 1700 1393 1735 eatinis
1412 1698 1498 1743 illiS,
1527 1698 1567 1733 in
1584 1697 1751 1735 distantia
1773 1699 1892 1738 latitu-

298 1757 398 1794 dinis
419 1756 567 1808 pollicis
589 1754 735 1791 fortasse
758 1765 820 1792 aut
836 1756 993 1806 amplius
1017 1766 1037 1791 a
1058 1754 1202 1792 fundo:
1231 1754 1356 1790 audies
1381 1752 1516 1789 sonum
1539 1751 1689 1801 forcipis
1711 1755 1894 1802 percussae

300 1812 343 1848 in
364 1812 492 1848 catino
510 1819 690 1858 argenteo
711 1811 829 1859 magis
850 1810 976 1847 multo
991 1809 1173 1846 sonorum
1196 1819 1309 1856 quam
1324 1810 1364 1844 in
1384 1809 1525 1856 ligneo.
1582 1808 1697 1859 Quod
1720 1805 1747 1844 fi
1765 1818 1893 1847 tamen

299 1877 413 1904 vacua
437 1866 564 1902 forent
590 1865 722 1910 catina,
752 1866 788 1902 δε
812 1874 1066 1914 percuteretur
1088 1864 1236 1915 forceps
1260 1864 1305 1900 ad
1322 1863 1480 1900 eandem
1506 1861 1726 1909 distantiam,
1762 1875 1894 1912 parum

301 1931 365 1958 aut
380 1920 473 1957 nihil
488 1918 685 1956 interesset.
739 1920 793 1956 Ex
808 1931 886 1968 quo
901 1920 1019 1968 liquet
1034 1920 1212 1968 primum,
1233 1919 1297 1955 ubi
1313 1919 1437 1956 nullus
1451 1914 1500 1953 cst
1513 1919 1573 1953 a'er
1589 1918 1652 1965 qui
1667 1914 1780 1966 poffit
1793 1920 1894 1968 elidi,

301 1974 366 2012 sed
387 1985 535 2012 tantum
559 1986 663 2022 aqua,
693 1973 753 2011 edi
774 1973 929 2015 sonum3
957 1974 1106 2020 deinde,
1134 1975 1267 2011 melius
1289 1973 1563 2011 communicari
1590 1972 1724 2009 sonum
1750 1973 1894 2012 editum

301 2040 369 2078 per
380 2025 652 2078 percuffionem
665 2040 752 2066 cum
764 2030 892 2066 catino
902 2041 967 2081 per
979 2041 1113 2077 aquam
1126 2040 1239 2077 quam
1252 2040 1316 2079 per
1329 2030 1465 2065 aerem.
1516 2026 1656 2064 Clauso
1670 2039 1736 2064 ore
1746 2028 1895 2067 fortiter

300 2084 468 2121 redditur
482 2090 655 2121 murmur
670 2084 791 2132 (quale
807 2083 900 2121 solet
916 2084 984 2120 css'e
997 2084 1205 2129 mutorum)
1223 2095 1286 2132 per
1300 2084 1484 2133 palatum3
1505 2084 1606 2130 quod
1622 2079 1647 2118 fi
1661 2093 1765 2118 nares
1779 2086 1894 2122 etiam

298 2138 451 2175 fortiter
466 2138 702 2184 obturentur,
729 2139 877 2175 nullum
893 2135 1004 2188 pofi'rt
1025 2137 1103 2175 fieri
1120 2150 1302 2175 murmur.
1358 2136 1470 2174 Unde
1485 2138 1614 2185 liquet,
1632 2137 1764 2174 sonum
1783 2139 1894 2176 illum

301 2205 367 2242 per
391 2194 555 2242 palatum
569 2204 650 2229 non
673 2192 819 2240 actuari,
847 2192 913 2229 nifi
937 2205 1002 2243 per
1017 2204 1186 2243 apertum
1206 2194 1309 2242 quod
1335 2192 1533 2230 intercedit
1555 2193 1655 2229 inter
1670 2193 1834 2240 palatum
1856 2197 1894 2233 δε

302 2259 420 2285 nares.

301 2326 377 2366 ‘De
390 2325 579 2366 delatione
582 2326 685 2381 fimi,
715 2325 764 2373 ὁ
776 2327 1215 2437 Αἰνεὶῗοκῖβόιιῇῗιβοηε
1229 2329 1313 2392 ejus
1323 2349 1337 2374 ‚-
1368 2327 1415 2373 ὠν
1429 2327 1476 2367 cle
1489 2341 1579 2367 area
1595 2343 1708 2384 quam
1721 2340 1890 2386 occupat,

888 2398 964 2424 zmu
980 2417 992 2433 ,
1044 2398 1070 2409 Ν
1112 2393 1311 2438 eparatzm.

358 2459 527 2496 OMNIS
553 2457 664 2496 sonus
681 2457 905 2498 diffunditur
925 2462 965 2497 in
985 2461 1169 2497 ambitum
1190 2459 1420 2512 sphaericum
1439 2472 1459 2497 a
1482 2462 1571 2499 loco
1590 2461 1819 2513 pulsationis,
1856 2465 1895 2502 ὅ(

303 2523 461 2565 occupat
477 2513 685 2551 universam
705 2526 828 2551 aream
843 2516 921 2561 ejus
942 2515 1111 2565 sphaerae
1129 2515 1175 2552 ad
1194 2516 1401 2552 terminum
1417 2526 1574 2565 certum,
1604 2516 1758 2564 sursum,
1784 2518 1893 2556 deor-

305 2567 401 2613 sum,
429 2568 626 2606 lateraliter
645 2568 903 2618 undequaque.

297 2674 302 2677 p
359 2622 456 2659 PER
478 2633 600 2659 aream
619 2624 697 2669 ejus
722 2622 892 2673 sphaerae
905 2620 1126 2662 fortissimus
1151 2623 1199 2662 cst
1214 2623 1324 2662 sonus
1345 2626 1442 2670 juxta
1457 2625 1726 2675 pulsationem:
1755 2626 1894 2667 deinde

299 2676 508 2714 'secundum
528 2679 820 2728 proportionem
834 2678 1022 2717 distantiae
1037 2679 1272 2729 elanguescit,
1301 2682 1337 2716 ὅ(
1352 2680 1507 2718 demum
1523 2680 1715 2718 evanescit.

361 2732 594 2768 TERM1N1
610 2733 686 2777 ejus
706 2732 875 2784 sphaerae
889 2735 1150 2781 extenduntur,
1179 2746 1250 2787 pro
1269 2736 1440 2772 acumine
1456 2736 1612 2780 auditus,
1638 2737 1893 2784 aliquatenus;

305 2784 370 2822 sed
391 2783 440 2823 est
458 2784 633 2834 quiddam
654 2788 845 2835 ultimum,
882 2800 973 2837 quo,
1009 2791 1050 2826 in
1072 2788 1178 2827 sensu
1199 2790 1364 2826 maxi-me
1389 2788 1578 2838 exquisite,
1607 2801 1687 2826 non
1712 2792 1894 2841 pertingit

305 2839 431 2878 sonus.

358 2896 447 2932 Esr
476 2893 663 2943 (arbitror)
684 2896 860 2935 nonnihil
882 2896 921 2935 in
948 2898 1155 2936 directione
1179 2901 1321 2948 primae
1349 2896 1589 2948 impulsionis.
1647 2899 1777 2947 Siquis
1789 2902 1893 2940 enim

306 2948 411 2986 staret
433 2948 473 2986 in
493 2948 659 2999 suggesto
680 2960 808 3000 aperto
832 2954 872 2989 in
895 2955 1047 3004 campis,
1084 2956 1121 2991 ὃς
1148 2955 1336 2998 clamaret,
1372 2954 1522 3000 longius
1544 2953 1705 2990 arbitror
1729 2955 1893 2994 exaudiri

298 3003 422 3055 posset
436 3016 508 3042 vox
523 3005 563 3041 in
577 3004 749 3054 prorsum
763 3019 783 3043 a
797 3008 988 3054 loquente,
1017 3020 1130 3056 quam
1144 3020 1256 3057 pone.
1314 3009 1374 3044 Sic
1388 3006 1413 3043 fi
1427 3007 1655 3056 displodatur
1674 3009 1890 3058 bombarda,

298 3059 366 3097 'vel
387 3058 582 3108 sclopetu3‚
610 3059 759 3109 longius
781 3061 940 3099 arbitror
970 3061 1130 3101 exaudiri
1145 3059 1257 3113 poffit
1273 3061 1383 3099 sonus
1398 3062 1439 3098 in
1453 3061 1624 3112 prorsum
1640 3075 1660 3098 a
1675 3063 1891 3112 bombarda,

303 3111 561 3163 aut-sclopeto,
590 3125 701 3165 quam
721 3126 832 3166 pone.
1722 3118 1893 3170 Urium
