1973 3570
153 203 215 254 28

557 184 1007 249 HISTORIA
1068 183 1562 241 VENTORUM.

343 307 407 336 20.
437 295 531 334 Cia
541 305 597 332 CA
612 287 927 332 succesfionem&
942 288 1231 336 alternationem
1246 296 1450 324 ventorum
1464 287 1501 322 ὃ(
1515 286 1659 335 pluviae
1675 285 1858 335 inquirito
1869 304 1882 331 ς

286 348 374 390 cum
391 350 485 389 illud
499 334 682 387 familiare
701 349 738 385 ὅ(
753 346 927 394 frequens
942 341 996 390 fit,
1026 352 1067 380 ut
1085 343 1212 392 pluvia
1226 340 1327 379 sedet
1347 351 1492 386 ventOS,
1523 341 1627 377 venti
1643 343 1881 394 compescant

286 409 323 445 ὁ(
338 402 513 456 diffipent
528 404 703 455 pluviam.
1312 451 1318 457 ι
1678 445 1692 453 ,

343 471 405 498 21.
442 460 518 496 AN
539 458 619 508 Post
644 466 783 494 certam
805 452 1005 503 periodum
1030 460 1220 491 annorum
1243 450 1518 498 redintegretur
1546 446 1723 487 fuccessio
1748 462 1880 490 vento.

287 527 372 553 rum
382 529 393 556 3
422 517 457 551 ὅ(
471 511 496 550 fi
510 514 561 559 ita
574 510 628 558 fit,
658 522 750 560 quae
766 508 806 546 iit
824 521 863 551 ea
878 508 1074 558 periodus?
1613 536 1619 548 Δ,
1698 557 1706 566 .

338 569 377 606 A
400 571 808 611 Successronus
836 572 1039 605 ventorum
1071 557 1229 597 transeat
1248 557 1442 608 inquisitio
1469 558 1513 594 ad
1540 569 1668 596 motus
1697 558 1877 608 ipsorum.

285 624 418 661 Motus
437 633 642 662 ventorum·
661 619 801 669 septem
815 615 1115 667 inquisitionibus
1138 614 1404 655 absolvuntur5
1431 625 1595 661 quorum
1618 623 1692 650 tres
1717 613 1879 663 superio

284 679 386 716 ribus
401 667 562 715 articulis
584 676 841 719 continentur,
871 681 1032 720 quatuor
1053 669 1172 707 adhuc
1197 679 1351 706 manent
1372 669 1546 705 intactae:
1579 669 1682 705 Nam
1705 668 1752 704 de
1767 680 1879 708 motu

286 717 487 771 ventorum
510 731 703 779 dispertito
725 740 791 778 per
814 728 935 777 plagas
947 727 1045 763 coeli
1066 721 1283 773 inquisitum
1307 723 1368 760 est.
1421 724 1544 770 Etiam
1567 723 1613 760 de
1627 734 1739 759 motu
1761 725 1879 761 trium

286 788 481 832 linearum,
497 784 650 830 sursum,
670 782 858 828 deorsum,
874 782 1087 820 lateraliter.
1141 780 1265 835 {tiam
1279 778 1325 815 de
1340 778 1558 814 accidentali
1571 788 1679 815 motu
1693 779 1877 827 compres-

285 836 444 880 stonum.
498 840 648 877 Restant
662 848 800 882 motus,
829 846 978 884 quartus
992 829 1253 883 progressivus‚
1282 834 1434 880 quintus
1457 832 1726 879 undulationis,
1759 832 1879 873 sextus

284 895 494 942 confliecus,
519 893 692 943 septimus
708 893 748 927 in
767 891 915 939 organis
932 890 968 925 ὅ(
982 887 1164 925 machinis
1177 886 1365 929 humanis.

814 979 953 1019 illotus
971 978 1119 1031 diveifi
1127 986 1344 1019 ventorum.

339 1069 359 1099 2
369 1071 403 1099 2.
434 1060 468 1097 C
478 1066 549 1097 uM
563 1056 768 1110 progressus
784 1054 824 1093 ftt
838 1056 978 1105 semper
993 1067 1013 1092 a
1027 1058 1206 1103 termino,
1222 1056 1269 1093 de
1283 1057 1372 1093 loeo
1383 1055 1495 1104 primi
1511 1064 1629 1102 ortus,
1647 1056 1684 1092 ὅ(
1697 1063 1877 1103 tanquam

282 1115 450 1154 fontibus
465 1114 618 1159 alicujus
632 1114 747 1158 venti,
763 1121 945 1160 quantum
960 1110 1038 1148 fieri
1055 1112 1183 1160 potest,
1212 1111 1411 1160 diligenter
1426 1111 1624 1160 inquirito.
1680 1111 1876 1156 Siquidem

281 1171 455 1210 videntur
470 1170 573 1206 venti
589 1168 708 1205 famae
723 1165 867 1203 similes.
924 1167 1027 1203 Nam
1043 1168 1128 1203 licet
1143 1167 1421 1203 tumultuentur
1439 1167 1476 1202 ὃς
1491 1174 1718 1215 percurrant,
1748 1175 1877 1205 tamen

283 1234 391 1275 caput
407 1223 646 1260 inter-nubila
659 1222 843 1259 condunt.
893 1221 988 1256 Item
1003 1219 1049 1258 de
1064 1221 1251 1270 progress'u
1268 1219 1368 1269 ips03
1398 1220 1558 1268 exempli
1572 1220 1701 1268 gratia,
1730 1217 1754 1256 fi
1771 1220 1877 1258 bore-

284 1290 322 1315 as
344 1278 555 1324 vehemens,
582 1279 648 1326 qui
674 1277 815 1314 flaverit
841 1275 999 1313 Eboraci
1022 1276 1068 1313 ad
1090 1277 1204 1313 talem
1227 1276 1329 1312 diem
1353 1284 1413 1310 aut
1435 1274 1582 1321 horam,
1610 1274 1752 1313 flaverit
1775 1276 1876 1313 Lon·

282 1333 364 1370 dini
379 1332 496 1370 biduo
508 1329 610 1382 post?
1288 1366 1296 1373 .

338 1398 357 1424 2
365 1397 401 1438 3.
431 1388 499 1425 DE
514 1387 758 1424 undulationc
772 1395 974 1422 ventorum
989 1382 1271 1433 inquisitionem
1282 1395 1331 1421 ne
1346 1383 1529 1421 omittito.
1566 1383 1876 1423 Undulationem

282 1453 458 1480 vocamus
472 1453 562 1478 eum
582 1451 746 1486 motum,
775 1452 853 1488 quo
875 1449 1006 1479 ventus
1021 1440 1067 1476 ad
1089 1451 1198 1489 parva
1212 1439 1406 1477 intervalla
1428 1438 1636 1475 intenditur
1660 1441 1696 1476 ὃ(
1715 1441 1875 1477 remitti-

281 1506 343 1534 tur
364 1507 542 1545 tanquam
564 1496 684 1533 undae
705 1506 907 1543 aquarum:
935 1506 1091 1543 quarum
1114 1496 1212 1533 vices
1234 1494 1378 1545 optime
1400 1494 1655 1542 percipiuntur
1679 1506 1721 1531 ex
1744 1495 1875 1534 auditu

284 1552 324 1587 in
340 1551 500 1588 aedibus.
557 1552 615 1587 Eo
628 1560 752 1587 autem
767 1551 883 1599 magis
897 1559 1036 1587 notato
1049 1549 1248 1598 diligenter
1262 1547 1490 1586 differentias
1505 1549 1775 1595 undulatmnis,
1803 1548 1876 1588 five

283 1604 496 1643 sulcationis
518 1607 618 1643 inter
632 1607 755 1642 aerem
777 1606 813 1641 ὃ(
834 1612 989 1653 aquatm
1018 1605 1107 1653 quia
1125 1606 1165 1642 in
1188 1606 1272 1642 aete
1286 1606 1323 1643 &
1345 1604 1466 1641 ventis
1485 1603 1581 1641 deest
1604 1614 1731 1642 motus
1752 1606 1873 1654 gravi-

282 1661 380 1707 tatis,
408 1660 472 1708 qui
486 1672 567 1711 pars
582 1671 716 1708 magna
730 1659 777 1696 est
792 1659 1046 1697 undulationis
1063 1660 1103 1695 in
1117 1661 1232 1708 aquis.

339 1724 403 1763 24.
432 1715 468 1751 D
477 1725 500 1751 ε
512 1714 687 1752 εοηῆἰᾱιι
698 1715 735 1757 ὃς
748 1712 929 1752 concursu
941 1724 1142 1752 ventorum
1155 1714 1328 1751 flantium
1341 1713 1386 1750 ad
1402 1713 1503 1750 idern
1514 1722 1661 1763 tempus
1672 1714 1874 1764 diligenter

284 1768 480 1816 inquirito.
535 1770 676 1814 Primo,
697 1778 823 1805 utrum
836 1768 929 1806 flent
941 1766 1049 1805 simul
1063 1769 1185 1818 plures
1199 1770 1303 1810 venti
1316 1769 1529 1818 originale5‚
1549 1780 1631 1806 non
1644 1769 1803 1808 dicimus
1819 1783 1874 1808 re·

284 1824 539 1861 verberantes!
568 1824 627 1869 Et,
656 1820 682 1859 fi
704 1822 777 1860 hoc
800 1823 849 1860 ita
869 1821 926 1870 fit,
952 1824 1076 1872 quales
1100 1825 1248 1873 euripos
1270 1823 1311 1860 in
1335 1833 1458 1870 motu,
1486 1824 1611 1872 quales
1634 1823 1756 1861 rursus
1780 1837 1873 1863 con-

285 1876 517 1914 densationes
533 1880 569 1914 δε
583 1878 819 1914 alterationes
835 1879 873 1915 in
888 1889 1047 1928 corpore
1061 1880 1153 1916 aeris
1166 1880 1343 1928 gignant?

339 1942 359 1968 2
369 1942 403 1981 5.
431 1932 506 1969 AN
520 1933 626 1970 venti
641 1932 701 1969 alii
717 1932 853 1969 eodem
868 1942 1039 1984 tempore
1053 1932 1145 1970 flent
1161 1933 1338 1983 superius,
1363 1933 1426 1970 alii
1441 1932 1501 1970 hic
1515 1932 1610 1982 apud
1625 1945 1695 1970 nos
1709 1934 1750 1971 in
1767 1935 1874 1972 imo?

282 1986 600 2037 Quandoquidem
622 1985 857 2024 observatum
877 1985 928 2024 est
950 1999 970 2024 a
984 1989 1191 2035 nonnullis,
1218 1987 1410 2025 interdum
1425 1987 1543 2024 nubes
1557 1987 1646 2024 ferri
1661 1990 1702 2026 in
1722 1999 1871 2027 contra·

283 2041 380 2077 rium
396 2039 570 2079 versionis
584 2041 792 2090 pinnaculi:
822 2042 935 2079 etiam
950 2042 1067 2080 nubes
1081 2042 1169 2080 ferri
1185 2042 1277 2081 forti
1291 2053 1389 2089 aura,
1417 2053 1504 2079 curn
1517 2041 1579 2079 hic
1596 2043 1694 2092 apud
1707 2055 1779 2081 nos
1792 2044 1871 2082 fue-

281 2095 329 2130 rit
346 2093 488 2132 summa
502 2096 761 2143 tranquillitas.

333 2150 396 2185 26.
424 2150 528 2186 Pru
551 2149 750 2200 descriptio
767 2149 925 2200 diligens
936 2150 1146 2191 admodum
1161 2153 1197 2190 &
1210 2151 1438 2203 particularis
1452 2160 1580 2190 motus
1600 2162 1804 2191 ventorum
1826 2155 1869 2193 in

280 2202 439 2252 impulsu
454 2204 606 2241 navium
619 2216 685 2252 per
699 2206 789 2242 vela.

336 2267 354 2292 2
364 2267 397 2303 7.
427 2258 451 2293 F
462 2269 475 2293 1
485 2270 510 2294 A
520 2269 543 2293 τ
559 2257 758 2307 descriptio
779 2269 906 2297 motus
920 2269 1120 2297 ventorum
1143 2261 1186 2298 in
1198 2262 1288 2299 velis
1302 2260 1616 2299 molendinorum
1629 2261 1675 2298 ad
1689 2273 1844 2301 ventum
1856 2278 1869 2306 ς

281 2310 321 2346 in
335 2312 461 2347 volatu
482 2313 696 2361 accipitrum
713 2315 749 2350 &
769 2314 906 2361 avium,
934 2316 1047 2351 etiam
1062 2316 1103 2352 in
1126 2315 1339 2365 vulgaribus
1354 2318 1392 2353 &
1414 2315 1578 2363 ludicris,
1606 2317 1725 2354 veluti
1745 2315 1867 2368 figno·

280 2376 365 2401 rum
380 2366 658 2413 explicatorum,
685 2366 892 2405 draconum
906 2369 1130 2415 volantium,
1159 2371 1378 2408 duellorum
1394 2369 1439 2407 ad
1453 2380 1623 2418 ventum,
1652 2374 1723 2409 &c.

333 2418 372 2455 A
388 2419 613 2457 Morinos
627 2430 828 2459 ventorum
843 2422 1000 2462 transeat
1011 2421 1203 2472 inquisitio
1215 2425 1264 2463 ad
1277 2425 1355 2463 vim
1371 2426 1408 2462 ὅς
1421 2425 1616 2476 potestates
1631 2426 1811 2477 ipsorum.

843 2511 1065 2565 ‘Potestates
1079 2523 1295 2554 ventorum.

339 2572 402 2610 28.
431 2574 561 2625 Qum
586 2570 725 2625 possint
749 2576 786 2613 ὅ(
805 2587 915 2625 agant
936 2580 1038 2616 venti
1065 2580 1161 2617 cirea
1184 2589 1374 2617 currentes
1402 2582 1439 2618 &
1461 2580 1574 2620 aestus
1599 2593 1792 2633 aquarum,
1810 2590 1813 2594 '
1828 2587 1867 2625 &

281 2627 376 2664 eirca
390 2627 636 2676 detentiones,
665 2627 913 2669 inimiffiones
932 2634 968 2669 δε
988 2634 1254 2672 inundationes
1268 2633 1448 2684 ipsarum?

336 2692 404 2761 29.>
427 2682 558 2734 Qum
586 2686 681 2721 circa
706 2686 846 2736 plantas
868 2687 905 2723 &
930 2686 1075 2738 insecta,
1116 2688 1334 2728 inducendo
1359 2689 1524 2739 locustas,
1564 2703 1703 2740 erucaS,
1742 2695 1877 2733 malos‘

282 2747 400 2773 IOI'CS.

335 2800 396 2839 30.
425 2791 557 2842 Qum
579 2793 674 2829 circa
697 2795 958 2843 purgationem
981 2797 1019 2833 &
1039 2796 1283 2836 infectionem
1305 2800 1410 2847 aeris,
1449 2802 1487 2839 &
1507 2801 1604 2839 circa
1625 2798 1863 2852 pestilentias,

281 2844 437 2881 morbos
451 2849 487 2882 ὅ(
502 2845 649 2883 affectus
663 2850 902 2886 animalium?

336 2907 398 2948 31·
428 2900 558 2951 Qum
581 2902 675 2938 circa
697 2902 926 2941 delationem
949 2904 1152 2957 specierum
1173 2906 1275 2959 (quas
1297 2910 1446 2960 vocant)
1473 2908 1707 2961 spiritalium,
1742 2922 1783 2949 ut
1806 2912 1862 2950 so·

278 2962 433 3001 norum,
461 2955 663 3004 radiorum,
692 2954 940 2998 &fimiliu1n?

737 3022 751 3048 1
1493 3018 1532 3058 A
1550 3013 1872 3061 Pornsmrmuss
