1973 3570
281 168 743 227 .1-1‘1's⁴'ToR1-A
797 168 1045 228 DENSI
1100 170 1201 230 ET
1253 185 1481 233 RARL

88 280 268 326 diebatur,
299 293 345 318 ne
367 280 618 328 descenderet,
650 282 905 325 foraminat03
936 284 1000 333 qui
1030 284 1126 322 obex
1153 285 1349 338 postquam
1379 297 1457 324 erat
1477 289 1613 338 versus,
1641 293 1699 332 da-

91 335 151 372 bat
171 336 299 372 locum
316 338 389 373 aeri
409 337 577 383 dilatato,
607 348 647 374 ut
674 349 807 387 aquam
828 339 1001 376 eveheret
1022 340 1058 377 ὅ(
1082 340 1244 386 ejiceret„

142 391 178 427 6.
210 392 482 429 INVENTUM
514 392 586 429 fuit
611 391 822 430 Fracastorii
846 393 890 429 ad
923 394 1138 431 excitandos
1167 396 1430 446 apoplefficos,
1470 409 1511 435 ut
1542 411 1698 448 ponere-

78 446 149 482 ‘tur
176 445 318 495 sartago
338 446 485 484 fervens
512 450 608 484 circa
630 457 738 496 caput
759 449 803 485 ad
830 450 1057 486 nonnullam
1085 449 1322 490 distantiam;
1354 453 1454 489 unde
1485 453 1632 503 spiritus
1657 458 1698 496 in

87 500 189 537 cellis
213 502 354 538 cerebri
386 500 554 539 suffocati
577 505 613 539 &
639 505 842 552 congelati,
874 507 911 542 ὃς
934 505 979 541 ab
1008 504 1232 545 humoribus
1262 503 1409 557 obscssi,
1439 508 1698 559 dilatarentur,-

84 556 334 592 excitarentut
363 559 398 594 ὅ(
414 557 703 594 vivificarentur.

138 620 173 658 7.
204 612 375 648 ΕΤιΑΜ
404 613 624 663 papiliones,
655 624 748 661 quae
770 612 904 661 hyeme
923 614 1043 657 iacent
1064 619 1273 663 emortuae,
1303 616 1477 655 admotae
1504 619 1549 657 acl
1565 621 1695 670 ignem

82 674 145 702 aut
165 665 288 702 radios
313 667 412 712 solis,
442 677 594 704 motum
618 670 654 705 ὃς
680 669 796 705 vitam
823 668 1018 718 recipiunt.
1079 669 1242 719 Aegroti
1264 679 1417 720 quo'que
1440 675 1478 710 in
1505 674 1694 725 deliquiis,

81 730 161 757 tam
177 723 280 769 aquis
303 721 464 759 fortibus
487 724 524 759 ὃ(
545 723 672 760 calidis
693 724 797 760 intro
819 722 987 774 sumptis,
1017 736 1131 774 quam
1159 727 1284 763 calore
1300 726 1483 765 exteriore
1500 732 1537 767 C<
1556 730 1696 769 fricath

79 776 217 813 onibus
232 778 269 813 &
284 787 406 824 motu,
435 778 654 816 excitantur.

138 829 174 867 8.
205 831 444 870 APERTUR
458 845 482 870 A
508 844 622 881 aquae
642 834 726 871 talis
753 832 812 870 est.
869 835 946 872 Sub
961 836 1088 884 primo
1108 836 1232 874 calore
1251 838 1393 875 emittit
1412 850 1592 890 vaporem
1607 853 1694 891 pau·

78 896 166 922 cum
187 888 225 924 ὃς
244 899 369 924 rarum
387 902 395 924 ;
426 890 563 936 Neque
584 890 682 925 intra
711 901 846 938 corpus
870 891 939 926 alia
964 889 1191 940 conspicitur
1213 894 1386 929 mutatio.
1446 895 1692 936 Continuato

75 941 202 978 calore
235 954 395 991 corpore
421 944 573 992 integro
596 956 677 981 non
705 943 877 993 insurgit,
907 957 977 981 nec
998 946 1113 982 etiam
1145 947 1256 983 bullis
1277 948 1435 985 minutis
1463 950 1502 986 in
1528 953 1691 990 modum

74 994 225 1046 spumae
241 1011 250 1038 ς
282 996 341 1034 sed
363 1011 428 1050 per
449 999 566 1035 bullas
581 999 742 1044 majores
758 1001 794 1035 ὅ(
809 1001 967 1035 rariores
986 999 1162 1046 ascendit,
1192 1003 1228 1038 ὃς
1244 1003 1284 1038 in
1300 1003 1496 1050 copiosum
1510 1017 1690 1055 vaporem

73 1050 110 1087 se
131 1050 257 1090 solvit.
316 1054 382 1090 Ille
399 1066 524 1105 vapor,
554 1051 675 1090 finon
698 1053 922 1101 impediatur
943 1064 1005 1091 aut
1021 1055 1301 1103 repercutiatur,
1332 1059 1407 1093 aeri
1428 1058 1463 1095 se
1480 1060 1688 1104 immiscct3'

73 1107 202 1155 primo
221 1108 455 1157 conspicuus,
485 1109 573 1145 dein
599 1106 820 1145 insenfibilis
842 1110 878 1145 ὃ(
900 1108 935 1145 se
955 1109 1174 1158 deperdens.

124 1173 162 1208 9.
195 1162 471 1202 Amanum
503 1164 578 1200 olci
595 1165 677 1200 talis
693 1162 753 1200 est.
810 1163 847 1198 A
871 1165 999 1212 primo
1015 1166 1139 1201 calore
1155 1164 1359 1202 ascendunt
1385 1168 1553 1215 guttulae
1577 1182 1685 1218 quae-

28 1216 31 1217 ’
71 1215 158 1252 dam
178 1228 241 1254 aut
269 1220 423 1267 granula
444 1230 508 1270 per
537 1231 672 1268 corpus
696 1219 771 1255 olei
802 1217 944 1267 sparsa3
975 1219 1089 1267 idque
1118 1232 1207 1257 cum
1231 1222 1479 1272 crepitatione
1509 1225 1682 1271 quadam.

69 1271 225 1309 Interim
242 1285 312 1309 nec
338 1275 461 1311 bullae
488 1276 526 1311 in
552 1273 744 1326 superficie
767 1274 917 1320 ludunt,
950 1273 1004 1321 (ut
1026 1276 1066 1311 in
1088 1276 1207 1323 aqua,)
1240 1288 1311 1313 nec
1337 1288 1473 1328 corpus
1489 1278 1683 1329 integrum

67 1336 200 1373 tumet,
230 1340 300 1365 nec
321 1331 523 1377 quicquam
544 1329 621 1366 fere
636 1328 770 1366 halitus
792 1331 927 1366 evolat.
984 1331 1039 1366 At
1059 1329 1139 1379 post
1154 1343 1304 1368 moram
1325 1333 1566 1380 nonnullam,
1598 1346 1683 1375 tum

65 1381 222 1420 demum
237 1396 371 1434 corpus
388 1387 579 1434 integrum
595 1384 764 1434 insurgit,
796 1386 832 1421 ὅ(
856 1385 1031 1422 dilatatur
1048 1384 1270 1435 expansione
1297 1387 1469 1434 notabili,
1500 1397 1683 1438 tanquam

66 1437 111 1473 ad
137 1438 321 1488 duplum3
350 1442 387 1477 ὅ(
408 1437 680 1494 copioliffimus
696 1443 732 1477 ὅ(
749 1439 873 1491 spissus
894 1440 1103 1478 admodum
1128 1442 1252 1479 evolat
1268 1441 1414 1479 halitus.
1474 1445 1504 1481 Is
1533 1444 1680 1494 halitus,

64 1489 91 1528 si
111 1491 305 1533 flammam
325 1495 468 1534 interea
484 1508 565 1532 non
582 1495 808 1544 conceperit,
838 1495 968 1532 miscet
985 1495 1020 1533 se
1041 1497 1195 1533 tandem
1213 1509 1299 1534 cum
1316 1500 1410 1544 aere,
1433 1501 1681 1546 quemadmo-

46 1547 156 1585 ‘dum
178 1551 214 1587 ὃ(
234 1564 350 1603 vapor
369 1563 494 1599 aquae.
555 1551 747 1595 Maiorem
772 1561 899 1588 autem
920 1552 1088 1588 calorem
1104 1549 1294 1600 desiderat,
1324 1554 1369 1590 ad
1386 1553 1460 1590 hoc
1473 1565 1513 1592 ut
1535 1556 1679 1605 bulliat,

63 1604 193 1641 oleum
218 1619 332 1656 quam
356 1618 461 1654 aqua,
493 1609 530 1644 &
557 1605 695 1644 tardius
719 1607 844 1643 multo
865 1604 1000 1643 bullire
1019 1608 1165 1656 incipit.

122 1670 184 1697 10.
214 1663 348 1700 APER
359 1673 383 1698 T
394 1673 456 1700 UR
467 1675 493 1700 A
517 1661 665 1711 spiritus
681 1663 759 1700 vini
775 1673 817 1698 ea
832 1660 891 1707 cst,
909 1671 950 1698 ut
965 1674 1102 1710 aquam
1112 1663 1239 1712 potius
1251 1663 1387 1700 referat
1402 1676 1516 1713 quam
1532 1666 1675 1705 oleum,

62 1713 166 1752 Nam
186 1718 331 1765 ebullit,
361 1720 508 1768 magnis
524 1719 654 1766 utique
676 1717 799 1763 bullis,
829 1716 965 1765 absque
987 1717 1115 1769 spuma
1138 1728 1200 1754 aut
1229 1720 1347 1756 totius
1371 1722 1541 1771 corporis
1561 1722 1679 1760 eleva-

61 1767 191 1813 tione;
222 1775 337 1823 longe
357 1783 484 1810 autem
508 1775 660 1810 minore
690 1773 827 1818 calore,
857 1775 894 1810 ὃ(
918 1773 1045 1809 multo
1066 1773 1223 1810 celerius
1249 1773 1469 1825 expanditur
1491 1777 1527 1812 ὃ(
1551 1778 1677 1814 evolat

61 1837 176 1872 quam
206 1841 310 1878 aqua.
367 1828 580 1878 Utriusque
608 1838 700 1866 vero
725 1838 878 1865 naturae
903 1828 1096 1877 pai-ticeps,
1129 1829 1220 1874 (tarn
1243 1841 1381 1876 aqueae
1401 1829 1540 1871 scilicet
1561 1843 1676 1879 quam

59 1881 223 1932 oleosae)
246 1887 283 1922 ὅ(
305 1884 412 1922 facile
429 1882 463 1921 se
478 1882 665 1921 immiscet
680 1884 768 1929 aeri,
799 1885 835 1920 ὃ(
850 1884 929 1921 cito
944 1885 1113 1935 concipit
1128 1883 1333 1921 flammam.

118 1948 179 1975 11.
209 1941 426 1978 ACETUM
450 1942 486 1976 δε
502 1937 636 1988 agresta
657 1941 694 1976 ὅ(
708 1940 842 1976 vinum
857 1939 898 1976 in
921 1937 996 1976 hoc
1014 1935 1196 1976 differunt
1212 1940 1252 1976 in
1272 1940 1443 1991 processu
1467 1939 1550 1978 suae
1573 1953 1675 1994 aper-

58 2002 185 2032 turae:
217 1996 321 2044 quod
342 2005 489 2032 acetum
505 1993 670 2043 insurgat
693 1995 733 2030 in
751 1994 964 2032 minoribus
980 1994 1104 2041 bullis,
1134 1996 1171 2031 ὃ(
1188 1996 1306 2044 magis
1327 1995 1423 2033 circa
1439 1996 1554 2034 latera
1567 1995 1674 2040 vafis3

59 2051 195 2098 agresta
210 2053 248 2088 ὃ(
262 2053 396 2088 vinum
412 2050 451 2087 in
468 2050 673 2094 majoribus
695 2050 817 2095 bullis,
849 2051 886 2086 ὃς
902 2048 1019 2098 magis
1036 2051 1074 2087 in
1090 2049 1221 2086 medio
1235 2047 1334 2087 vafis.

118 2117 180 2144 12.
211 2106 585 2143 GENERALITER
609 2106 650 2142 in
680 2105 833 2153 liquidis
857 2104 931 2141 hoc
959 2104 1012 2151 fit,
1050 2115 1090 2142 ut
1113 2106 1278 2154 pinguia,
1310 2103 1400 2143 ficut
1429 2107 1572 2153 oleum,
1603 2108 1672 2154 lac,

57 2161 168 2213 adeps
191 2164 228 2198 &
255 2160 483 2206 hujusmodi,
514 2159 707 2209 insurgant
724 2162 760 2197 δε
779 2169 951 2197 tumeant
972 2157 1080 2197 simul
1096 2170 1183 2197 toto
1198 2172 1386 2209 corpore5
1415 2159 1513 2197 succi
1534 2164 1673 2199 maturi

60 2217 112 2264 (&
131 2218 248 2266 magis
272 2216 392 2254 adhuc
412 2215 620 2262 immaturi)
647 2215 757 2252 bullis
780 2214 1015 2261 majoribus3
1044 2215 1141 2252 succi
1171 2214 1301 2252 effoeti
1333 2217 1371 2251 ὅ(
1403 2215 1527 2263 vapidi
1561 2216 1672 2254 bullis

59 2272 284 2309 minoribus.

115 2338 176 2378 13.
207 2328 447 2364 OMNIBUS
470 2325 682 2375 liquoribus
711 2335 917 2362 commune
939 2323 1000 2370 est,
1029 2325 1144 2361 etiam
1171 2323 1261 2360 oleo
1291 2321 1368 2375 ipfi‚
1398 2332 1441 2361 ut
1470 2335 1673 2374 antequam

57 2383 231 2429 bulliant,
260 2393 392 2433 paucas
413 2383 450 2418 δε
470 2393 567 2418 raras
590 2380 804 2418 semibullas
824 2380 920 2416 circa
939 2380 1054 2415 latera
1073 2376 1160 2416 valis
1174 2374 1322 2424 jaciant.

77 2459 79 2462 .
113 2448 175 2487 14.
206 2439 445 2475 OMNIBUS
474 2435 685 2485 liquoribus
719 2446 928 2472 commune
957 2434 1017 2479 est,
1048 2445 1088 2476 ut
1116 2436 1157 2470 in
1185 2444 1298 2485 parva
1322 2434 1532 2486 quantitate
1561 2437 1672 2474 citius

57 2494 281 2546 aperiantur,
311 2492 471 2529 bulliant
492 2501 604 2540 atque
627 2489 910 2535 consumantur,
941 2501 1054 2537 quam
1074 2490 1115 2526 in
1139 2500 1285 2538 magna.

104 2542 322 2586 ’Monitum
354 2548 766 2584 EXPERIMENTUM
794 2545 842 2582 de
872 2546 1054 2595 aperturis
1087 2546 1282 2593 liquorum
1305 2542 1524 2582 faciendum
1553 2546 1602 2584 est
1630 2548 1673 2585 in

56 2602 142 2641 vasis
164 2604 304 2651 vitreis,
335 2612 376 2640 ut
397 2612 525 2639 motus
541 2602 581 2639 in
602 2613 763 2651 corpore
784 2601 979 2649 liquorum
1002 2601 1137 2637 melius
1159 2598 1327 2649 conspici
1354 2595 1498 2651 possInt
1517 2614 1528 2643 3
1557 2611 1670 2652 atque

55 2659 162 2711 supet
195 2659 344 2696 foculos
378 2669 466 2694 cum
492 2657 616 2695 calore
644 2657 802 2705 aequali,
832 2665 873 2693 ut
903 2653 1116 2696 differentia
1143 2656 1266 2694 verius
1289 2655 1518 2707 excipiatur3
1555 2668 1668 2706 atque

56 2715 143 2764 igne
165 2715 283 2760 lento,
312 2715 400 2762 quia
422 2713 520 2762 ignis
541 2712 746 2751 vehemens
766 2711 982 2761 praecipitat
1002 2711 1040 2748 ὅ(
1059 2709 1262 2749 confundit
1282 2710 1459 2748 actiones.

66 2781 71 2792 ³
110 2766 300 2819 Historia.
335 2780 367 2806 1.
400 2770 534 2806 SUNT
562 2779 654 2805 vero
673 2768 871 2818 complura
894 2777 1054 2816 corpora
1078 2777 1173 2815 quae
1192 2777 1275 2803 non
1302 2764 1388 2804 sunt
1420 2765 1574 2814 liquida,
1604 2763 1667 2803 sed

58 2823 289 2861 consistentia
309 2826 346 2861 ὅ(
360 2824 610 2861 determinata
630 2835 642 2864 3
669 2833 836 2860 attamen
855 2833 921 2873 per
936 2822 1103 2861 calorem
1125 2820 1393 2859 nanciscuntur
1415 2832 1499 2857 eam
1521 2830 1666 2871 apertu·

59 2890 151 2927 ram,
179 2889 220 2917 ut
241 2879 446 2928 liquescant
468 2874 540 2915 five
564 2877 765 2916 deveniant
784 2876 938 2924 liquida,
968 2876 1149 2925 quamdiu
1168 2877 1272 2914 calor
1299 2888 1342 2914 ea
1365 2876 1514 2914 vellicet
1541 2876 1580 2912 &
1608 2885 1666 2913 ex-

54 2935 217 2984 pandam
254 2936 378 2983 qualia
403 2934 489 2972 sunt
519 2944 613 2980 cera,
656 2933 780 2982 adepS,
820 2931 1012 2981 butyrum,
1048 2932 1124 2984 pix,
1159 2929 1287 2979 resina,
1325 2931 1487 2982 gummi,
1524 2927 1668 2969 saccha-

57 3000 154 3034 rum,
182 2989 287 3035 me15
324 2992 363 3028 ὅ(
389 2990 554 3040 plurima
586 3001 630 3026 ex
664 2988 838 3036 metallis,
871 2987 989 3026 veluti
1016 2986 1233 3040 plumbum,
1265 2997 1416 3035 aurum,
1451 2996 1663 3035 argentum,

108 3043 216 3081 VoL.
247 3045 290 3081 11.
861 3042 894 3079 L
923 3052 944 3078 2
1594 3051 1665 3086 aes>

1782 193 1840 245 82

1816 243 1831 253 ι
