1973 3570
443 179 864 229 HISTORIA
918 173 1176 221 DENSI
1236 170 1337 218 ET
1399 168 1617 215 RARI.

286 402 494 461 Modus
524 397 873 480 experimenti
904 395 1050 452 circa
1084 390 1329 450 tabulam
1349 391 1804 472 ficpmstrspmm.

319 557 817 598 NTELLIGUNTUR
842 555 1023 606 pondera,
1053 552 1190 600 quibus
1210 548 1259 587 uss
1281 549 1416 595 sumus⁷
1447 549 1524 587 cius
1538 549 1685 597 generis
1699 551 1733 586 ὅ(
1749 560 1851 588 com-

249 562 313 694 Ι
344 615 550 667 putationis
575 613 709 660 quibus
735 610 909 647 aurifabri
940 610 1112 653 utuntur,
1154 616 1195 643 ut
1222 606 1315 641 libra
1335 607 1451 653 capiat
1487 605 1612 640 uncias
1646 615 1707 649 12,
1743 607 1853 642 uncia

355 680 405 706 20
422 669 605 713 denarios,
635 666 807 702 denarius
826 675 939 714 grana
966 673 1027 711 24.
1085 662 1305 709 Delcgimus
1325 669 1449 696 autem
1478 671 1612 710 corpus
1638 660 1715 695 auri
1745 661 1852 706 puri;

253 725 298 762 ad
315 725 417 770 cujus
437 722 728 773 exporrectionis
743 719 955 756 mensuram
981 718 1217 764 reliquorum
1243 726 1450 764 corporum
1477 715 1638 750 rationes
1660 715 1854 764 applicare-

254 791 339 816 mus
357 792 366 820 3
394 789 474 814 non
494 785 643 813 tantum
657 777 744 823 quia
769 769 1049 823 gravissimum,
1068 770 1129 806 secl
1155 771 1241 817 quia
1262 770 1423 805 maxime
1445 780 1562 805 unum
1585 771 1621 804 &
1643 768 1708 805 sui
1723 767 1852 815 simile,

255 833 351 871 nihil
376 832 515 869 habens
535 843 578 867 ex
597 830 754 867 volatili.
811 828 1123 877 Experimentum
1139 823 1208 859 fuit
1234 825 1307 858 talc
1327 837 1334 857 ;
1365 823 1534 862 Unciam
1560 825 1638 859 auri
1655 825 1736 874 puri
1764 825 1803 860 in
1817 823 1856 860 fi-

259 899 391 930 guram
418 886 516 923 aleae
538 883 608 921 slve
632 884 718 920 cubi
742 879 1052 919 efformavimus3·
1082 878 1170 914 dein
1192 875 1336 914 situlam
1365 889 1526 928 parvam,
1556 878 1785 924 quadratam,
1814 890 1858 915 ex

257 929 417 979 {roento
444 939 663 987 paravimus,
694 948 788 985 quae
810 935 950 972 cubum
974 934 1084 970 illum
1109 934 1187 969 auri
1209 941 1366 980 caperet,
1395 942 1504 980 atque
1526 934 1558 968 ei
1585 934 1710 979 exaele
1725 944 1858 970 eonve—

260 971 358 1032 ηἰῖεῑ
373 1008 383 1035 5
412 991 480 1029 nifi
494 992 598 1041 quod
618 990 721 1029 situla
737 990 821 1028 effet
837 989 1015 1026 nonnihil
1031 987 1143 1024 altior
1157 1001 1166 1028 3
1195 989 1247 1023 ita
1262 997 1389 1023 tamen
1405 996 1445 1023 ut
1468 988 1573 1022 locus
1591 989 1686 1023 intra
1702 985 1859 1034 situlam,

261 1061 340 1099 quo
359 1048 474 1085 cubus
496 1048 559 1084 ille
588 1047 666 1083 auri
694 1044 917 1090 ascenderat,
946 1045 1046 1080 linea
1067 1041 1265 1092 conspicua
1293 1039 1506 1090 signaretur.
1563 1042 1603 1077 ld
1634 1041 1790 1079 fecimus
1818 1043 1860 1078 li-

260 1114 426 1153 quorum
455 1104 492 1138 &
513 1102 709 1151 pulverum
736 1100 877 1149 gratia3
906 1108 947 1135 ut
977 1109 1063 1134 cum
1093 1099 1219 1144 liquor
1248 1097 1379 1143 aliquis
1410 1098 1507 1132 intra
1533 1096 1690 1133 eandem
1716 1095 1862 1134 fituiam

262 1156 526 1196 immittendus
546 1155 642 1201 effer,
672 1167 754 1192 non
780 1150 981 1199 difflueret,
1011 1152 1072 1188 sed
1095 1152 1206 1200 paulo
1223 1153 1377 1187 interius
1404 1151 1438 1187 sc
1460 1152 1682 1188 contineret.
1741 1153 1862 1190 Simul

265 1222 391 1250 autern
411 1212 520 1248 aliam
535 1208 680 1247 situlam
695 1209 775 1246 fieri
794 1208 963 1254 fecimus,
994 1219 1087 1255 quae
1106 1218 1193 1243 cum
1214 1207 1328 1242 altera
1352 1207 1427 1250 illa,
1456 1205 1623 1257 pondere
1646 1208 1681 1243 ὃ(
1706 1216 1862 1244 conten-

265 1265 321 1314 to,-
349 1265 497 1317 prorsus
519 1276 583 1316 par
599 1265 708 1305 effet3
737 1274 778 1301 ut
795 1266 835 1300 in
854 1264 933 1314 pari
956 1260 1059 1299 situla
1074 1262 1242 1312 corporis
1271 1262 1441 1297 contenti
1472 1271 1619 1297 tantum
1643 1263 1739 1297 ratio
1759 1268 1864 1312 appa-

265 1331 376 1359 reret.
433 1322 536 1356 Tum
557 1320 671 1357 cubos
691 1318 854 1364 ejusdem
870 1315 1133 1366 magnitudinis
1155 1314 1225 1353 five
1245 1313 1399 1351 dimensi
1419 1315 1499 1351 fieri
1525 1316 1693 1362 fecimus,
1723 1316 1763 1352 in
1783 1328 1864 1353 om-

268 1376 379 1414 nibus
407 1375 571 1415 materiis
595 1376 636 1411 in
662 1375 787 1411 tabula
816 1371 1038 1424 specificatis,
1069 1383 1162 1418 quae
1186 1370 1388 1406 semoncm
1414 1372 1487 1418 pati
1514 1370 1685 1420 poss'cnts
1714 1369 1865 1418 liquori-

268 1431 340 1468 bus
360 1442 449 1467 vero
474 1441 515 1466 ex
531 1440 703 1478 tempore
729 1426 780 1465 usi
799 1427 934 1472 sumus,
965 1426 1161 1474 implendo
1183 1424 1319 1461 scilicet
1346 1422 1502 1469 firmam,
1533 1425 1725 1472 quousque
1740 1426 1866 1473 liquor

271 1485 318 1521 ad
344 1486 472 1521 locum
492 1484 600 1520 illum
619 1484 719 1519 linea
737 1480 920 1531 signatum
940 1480 1152 1517 ascenderet
1170 1494 1178 1516 ;
1208 1479 1426 1516 Pulveribus
1449 1479 1584 1515 eodem
1607 1480 1736 1516 modo.
1795 1481 1868 1518 Sed

274 1540 534 1588 intelligantur
552 1539 721 1587 pulveres
736 1538 896 1574 maxime
918 1538 953 1573 &
968 1535 1117 1571 fortiter
1141 1530 1351 1585 compressi.
1407 1535 1491 1570 Hoc
1507 1536 1610 1570 enim
1630 1531 1869 1585 potissimum

272 1594 319 1630 ad
346 1595 611 1641 aequationem
639 1593 813 1643 pertinet,
852 1603 922 1627 nce
955 1589 1079 1627 casum
1112 1590 1254 1640 recipit.
1311 1590 1438 1637 ltaque
1470 1601 1551 1626 non
1585 1590 1655 1626 alia
1683 1590 1754 1627 fuit
1784 1602 1869 1644 pro-

276 1648 392 1694 batio,
429 1659 541 1696 quam
574 1657 615 1684 ut
644 1659 717 1683 una
745 1658 787 1683 ex
815 1644 929 1683 fitulis
962 1657 1077 1683 vacua
1106 1646 1147 1681 in
1181 1655 1253 1681 una
1281 1644 1398 1690 lance,
1438 1644 1550 1680 altera
1584 1655 1671 1682 cum
1709 1656 1872 1696 corpore

275 1701 316 1738 in
336 1703 449 1738 altera
469 1703 573 1739 lance
594 1711 827 1750 poneretur3
855 1703 892 1737 ὃ(
917 1701 1014 1736 ratio
1042 1700 1220 1748 ponderis
1247 1699 1417 1747 corporis
1446 1700 1616 1736 contenti
1646 1711 1710 1748 per
1744 1698 1780 1736 se
1813 1712 1871 1737 ex-

275 1758 471 1807 ciperetur.
528 1758 685 1807 Quanto
720 1768 811 1793 vero
844 1755 991 1806 pondus
1020 1755 1188 1802 corporis
1224 1754 1390 1802 pondere
1418 1755 1497 1790 auri
1532 1753 1580 1790 est
1613 1755 1750 1800 minim,
1792 1764 1872 1792 tan-

278 1820 322 1847 to
358 1811 591 1861 exporrce‘tio
626 1812 795 1860 corporis
831 1810 878 1846 est
912 1810 1195 1860 exporreffione
1232 1809 1310 1845 auri
1353 1809 1484 1853 major.
1541 1809 1711 1859 Exempli
1743 1811 1872 1858 gratia,

279 1877 367 1902 cum
388 1867 464 1902 auri
493 1866 557 1901 ille
582 1865 696 1902 cubus
716 1864 779 1902 det
799 1866 949 1901 unciam
977 1875 1104 1909 unam,
1134 1862 1306 1911 myrrhae
1326 1875 1416 1902 vcro
1435 1863 1631 1899 denarium
1656 1875 1801 1904 unum3
1830 1866 1873 1902 li-

280 1929 382 1967 quet,
411 1920 732 1971 exporreffionem
748 1919 920 1967 myrrhae
936 1918 981 1955 ad
997 1919 1320 1967 exporrectionem
1349 1919 1428 1954 auri
1455 1918 1589 1954 habere
1614 1920 1801 1956 rationem
1820 1920 1872 1957 vi'-

277 1975 496 2024 cecuplam:
526 1985 568 2011 ut
589 1976 700 2011 vicies
719 1974 800 2022 plus
821 1975 994 2009 materiae
1019 1973 1060 2009 sit
1094 1974 1134 2009 in
1157 1984 1249 2009 auro
1276 1983 1389 2019 quam
1417 1973 1457 2008 in
1489 1972 1652 2019 myrrha,
1694 1974 1734 2010 in
1761 1971 1873 2011 simili

280 2028 423 2079 spati05
452 2028 584 2076 rursuS,
613 2030 722 2066 vicies
743 2029 825 2079 plus
849 2028 1141 2079 exporrestionis
1162 2025 1203 2063 fit
1223 2028 1263 2063 in
1283 2027 1433 2075 myrrha
1452 2039 1565 2074 quam
1586 2028 1625 2063 in
1647 2040 1749 2074 auro,
1779 2030 1818 2065 in
1834 2027 1874 2066 fi-

281 2084 365 2118 mili
383 2083 562 2133 pondere.

333 2135 503 2174 Manita.
538 2149 570 2175 1.
601 2139 835 2176 PARVITAS
857 2135 944 2175 vasis
977 2149 1056 2185 quo
1089 2134 1140 2174 usi
1169 2135 1305 2183 sumus,
1337 2138 1373 2173 ὃ(
1401 2136 1524 2173 forma
1557 2138 1669 2173 etiam
1701 2137 1800 2183 (licet
1828 2138 1875 2175 ad

281 2191 398 2228 cubos
430 2192 515 2228 illos
545 2193 780 2243 recipiendos
812 2193 944 2229 habilis
975 2195 1013 2229 ὅ(
1033 2193 1127 2243 apta)
1161 2192 1205 2227 ad
1229 2193 1391 2228 rationes
1419 2190 1608 2239 exquisitas
1638 2191 1876 2230 verificandas

279 2247 405 2283 minus
425 2248 574 2297 propria
593 2246 675 2283 fuit.
732 2248 834 2285 Nam
849 2259 920 2283 nec
943 2248 1119 2283 minutias
1142 2245 1238 2282 infra
1261 2247 1367 2295 grani
1383 2245 1625 2294 quadrantem
1648 2246 1755 2283 facilc
1781 2248 1873 2284 exci-

282 2311 370 2350 pere
392 2300 549 2341 licebat;
590 2313 659 2338 nec
683 2301 858 2348 quadrata
885 2301 949 2337 illa
977 2300 1185 2351 superficies
1213 2302 1253 2337 in
1280 2313 1407 2352 parvo,
1441 2312 1511 2336 nec
1539 2299 1697 2338 sensibili
1726 2301 1875 2339 ascensu

282 2351 354 2390 five
368 2353 575 2400 altitudine,
604 2356 810 2393 notabilem
821 2355 1000 2406 ponderis
1010 2355 1262 2392 differentiam
1277 2355 1421 2391 trahere
1435 2356 1561 2405 potuit
1576 2370 1583 2392 :
1614 2367 1745 2394 contra
1761 2368 1875 2405 quam

284 2406 325 2444 fit
341 2408 381 2444 in
401 2405 487 2444 vafis
502 2409 542 2445 in
562 2418 712 2445 acutum
733 2409 976 2459 surgentibus.
1859 2426 1862 2428 ·

342 2472 376 2498 2.
407 2462 612 2499 MlNIME
636 2463 793 2500 dubium
813 2464 872 2512 est,
900 2466 1014 2502 etiam
1029 2465 1222 2515 complura
1236 2475 1396 2515 corpora
1415 2476 1507 2512 quae
1531 2465 1571 2502 in
1591 2466 1714 2504 tabula
1728 2477 1877 2516 ponun-

286 2525 347 2553 tur
370 2517 466 2553 intra
491 2516 592 2554 suam
611 2517 771 2568 speciem
793 2521 910 2567 magis
933 2522 969 2556 ὅ(
992 2520 1116 2557 minus
1136 2520 1310 2570 recipere,
1340 2520 1462 2567 quoad
1484 2520 1651 2570 pondera
1675 2524 1711 2559 ὅ(
1738 2520 1875 2572 spatia3

287 2581 377 2607 nam
393 2572 429 2607 ὅ(
444 2573 540 2617 vina,
569 2573 720 2621 &ligna
735 2572 898 2618 ejusdem
917 2573 1061 2624 speciei,
1091 2576 1127 2611 &
1149 2574 1334 2610 nonnulla
1351 2586 1370 2610 e
1391 2575 1554 2622 reliquis,
1585 2575 1668 2613 sunt
1693 2585 1791 2613 certe
1806 2577 1877 2612 alia

288 2625 370 2662 aliis
396 2627 575 2674 graviora.
630 2628 757 2675 Itaque
792 2627 913 2676 quoad
945 2630 1230 2666 calculationem
1267 2627 1492 2676 exquisitam,
1535 2630 1658 2666 casum
1687 2630 1876 2678 quendam

280 2679 351 2716 'ista
371 2691 428 2716 res
451 2681 606 2729 rccipit3
635 2693 757 2729 neque
782 2695 822 2719 ca
847 2682 1048 2729 individua,
1077 2685 1117 2720 in
1146 2695 1239 2731 quae
1262 2685 1561 2734 experimentum
1590 2685 1757 2722 nostrum
1785 2686 1877 2722 inci-

289 2734 357 2779 dit,
387 2744 558 2771 naturam
578 2734 710 2785 speciei
735 2737 856 2774 exarte
879 2737 1027 2783 referre,
1065 2750 1187 2786 neque
1216 2749 1303 2774 cum
1326 2739 1488 2776 aliorum
1512 2741 1773 2789 experimentis
1800 2739 1875 2776 fo'r-

289 2788 373 2825 tass’e
388 2790 551 2826 omnino
574 2791 613 2825 in
629 2791 796 2828 minimis
822 2790 1032 2828 consentire
1056 2793 1214 2843 possunt.

347 2853 381 2892 3.
413 2844 463 2881 IN
493 2844 656 2880 tabulam
690 2844 920 2896 superiorem
953 2847 1183 2891 conjecimus
1210 2858 1252 2883 ea
1280 2859 1449 2898 corpora,
1490 2859 1583 2896 quae
1615 2847 1771 2897 spatium
1805 2845 1875 2886 five

291 2897 503 2934 mensuram
521 2899 724 2936 commode
744 2901 912 2951 implere,
939 2912 1096 2951 corpore
1112 2904 1261 2951 integro
1277 2904 1312 2938 ὅ(
1327 2912 1505 2949 tanquam
1523 2900 1684 2950 similari,
1712 2902 1875 2952 poffent3

291 2963 457 3000 quaeque
477 2954 589 2989 etiam
609 2953 757 3004 pondus
781 2954 952 3001 habeant,
981 2967 1024 2992 ex
1051 2957 1153 3001 cujus
1176 2957 1382 2994 rationibus
1410 2956 1456 2993 de
1483 2958 1658 2993 materiae
1687 2969 1875 2996 coacerva-

293 3007 398 3044 tione
426 3006 604 3053 judicium
628 3008 794 3047 fecimus.
850 3012 976 3059 Itaque
999 3011 1068 3048 tria
1088 3024 1224 3061 genera
1243 3023 1447 3061 corporum
1469 3012 1541 3049 huc
1564 3011 1700 3050 retrahi
1715 3024 1796 3049 non
1810 3024 1875 3062 po-

1728 3077 1848 3107 terant
1866 3081 1874 3105 :

740 3154 763 3166 Α
846 3152 866 3160 »
