1973 3570
222 243 350 296 -DE
384 238 1188 294 INTERPRETATIONE
1223 242 1596 296 NATURAE.

116 344 282 396 usurpas)
313 359 394 384 non
419 344 651 392 abscondisti,
684 356 726 384 ut
756 344 940 396 sophistae,
970 346 1031 383 sed
1057 345 1245 384 extinxisti.
1302 347 1362 385 llli
1383 351 1628 398 experientiae
1651 354 1717 392 de·

114 400 282 447 sertores,
304 412 343 438 tu
360 400 541 453 proditor.
598 402 660 439 Tu
690 402 918 438 evidentiam
948 413 1074 438 rerum
1107 402 1262 439 crudam
1295 404 1332 439 ὃς
1360 404 1594 453 perloiiatam
1624 421 1712 447 eon-

112 457 353 505 templationi
369 469 411 493 ex
431 455 656 507 praescripto
681 455 883 502 subjiciens,
906 457 942 492 δ(
964 455 1243 494 liibstantiarum
1259 458 1414 495 Proteos
1442 471 1513 508 pro
1531 473 1710 501 motuum

114 511 264 548 calculis
279 523 470 558 quaerens,
498 510 669 548 scientiae
685 511 811 547 fontes
830 522 1083 561 corrumpere,
1110 513 1147 547 ὅ(
1162 511 1368 549 humanam
1383 524 1553 551 mentem
1578 529 1710 555 exuere

109 576 266 602 conatus
280 578 317 602 cs
329 580 338 606 3
361 568 396 602 δε
411 564 579 614 ambages
592 568 627 602 δ(
640 565 759 602 taedia
771 564 1127 616 experimentorum,
1139 565 1272 616 quibus
1285 566 1459 615 sophistae
1470 569 1618 617 adversi,
1631 584 1708 608 em-

110 618 214 668 pirici
230 619 387 671 impares
403 620 500 666 sunt,
517 622 623 656 novis
645 622 681 657 ὃ(
703 618 889 656 adscititiis
912 619 1058 660 auxisti;
1100 631 1249 658 tantum
1269 621 1366 659 abest
1392 633 1432 659 ut
1461 626 1707 674 experientiae

107 674 434 725 representativarn
450 674 590 711 secutus
606 672 659 720 sis,
680 686 742 710 aut
759 677 918 711 noveris.
979 677 1062 712 Nec
1092 687 1172 712 non
1197 688 1396 725 magorum
1426 677 1544 716 hiatus
1568 681 1707 730 ubique

106 739 180 777 pro
193 728 327 766 viribus
341 727 576 778 amplificasti,
594 725 927 780 importunillimas
943 731 1192 779 cogitationes
1206 730 1279 780 spe,
1305 732 1406 783 spem
1420 731 1610 781 promifliS
1626 747 1706 784 prc-

107 785 228 830 rneris,
249 784 471 833 imposturae
491 795 572 821 tum
589 784 718 820 artifex
743 795 826 820 tum
843 796 945 834 opus⁸
1004 784 1158 822 Invideo
1172 786 1254 833 tibi,
1272 784 1493 839 ‘Paracelfig
1517 801 1537 826 e
1553 789 1703 828 leuato-

105 838 208 876 ribus
221 840 294 876 tuis
310 851 429 876 unum
446 836 613 876 Petrum
626 837 866 885 Severinum,
879 841 1002 876 virum
1023 852 1104 877 non
1118 840 1279 889 dignum
1298 841 1363 890 qui
1386 842 1456 879 istis
1472 843 1620 893 ineptiis
1635 847 1707 883 im-

104 892 296 933 moriatur.
327 896 388 931 Tu
404 905 514 939 certe,
527 891 746 943 Paracelsi’,
763 892 796 929 ei
811 895 1017 945 plurimum
1028 895 1151 941 debes,
1163 896 1264 944 quod
1277 909 1317 933 ea
1332 910 1427 948 quae
1439 908 1479 934 tu
1496 897 1705 947 (afinorum

103 947 290 997 adoptive)
309 949 438 986 rudere
464 948 714 994 consueveras,
742 960 854 985 cantu
874 950 1041 996 quodam
1070 952 1106 987 ὅ(
1131 951 1405 999 modulatione,
1429 955 1466 989 ὅ(
1493 951 1705 1002 gratiffimo

103 1014 240 1041 vocum
261 1003 473 1042 discrimine
488 1004 647 1048 jucunda
664 1003 933 1041 &harmonica
952 1004 1088 1050 effecit,
1114 1007 1150 1042 ὃς
1166 1007 1451 1044 mendaciorum
1479 1010 1567 1046 odia
1587 1008 1626 1046 in
1653 1010 1703 1047 fa·

103 1058 221 1095 bellae
236 1059 510 1096 oblectamenta
524 1059 695 1095 traduxit.
753 1057 840 1094 Tibi
856 1071 957 1104 vero,
976 1057 1172 1105 severine,
1201 1063 1351 1098 veniam
1380 1063 1443 1109 do,-
1476 1061 1501 1099 si
1532 1063 1702 1115 sophista-

102 1124 188 1150 rum
204 1113 428 1160 docti-inam,
453 1126 533 1150 non
550 1113 673 1150 solum
689 1124 847 1162 operum
864 1112 1055 1159 effoetam,
1072 1126 1203 1151 verum
1218 1116 1519 1165 desperationem
1543 1131 1586 1155 ex
1617 1131 1700 1168 pro-

100 1168 192 1204 feffo
205 1179 429 1217 captantem,
448 1167 629 1217 pertaesus
644 1169 713 1204 alia
728 1168 836 1204 rebus
852 1167 981 1204 nostris
996 1168 1207 1206 labentibus
1230 1169 1470 1208 firmamenta
1484 1171 1696 1220 quaesivisti.

104 1224 283 1271 Cumque
299 1221 543 1272 Paracelstca
560 1222 620 1259 ista
649 1223 683 1258 se
707 1221 923 1259 obtuliffent
951 1225 988 1259 &
1012 1223 1308 1262 ostentationum
1328 1225 1545 1274 praeconiis,
1575 1230 1612 1265 ὃ(
1632 1229 1699 1266 ob-

97 1276 275 1315 scuritatis
299 1277 545 1327 subterfugiis,
576 1280 612 1314 δε
635 1276 824 1326 religionis
845 1274 1096 1324 affinitatibus,
1124 1280 1161 1316 ὃς
1192 1278 1266 1316 alio
1295 1280 1386 1317 fuco
1416 1282 1695 1331 commendata,

99 1343 138 1371 te
154 1334 196 1369 in
222 1333 296 1370 hoc
319 1345 399 1370 non
433 1344 560 1370 rei-um
594 1332 730 1378 fontes,
764 1331 826 1368 sed
856 1332 931 1383 spei
964 1332 1085 1370 hiatus
1112 1333 1209 1378 ῥαᾶυ
1231 1336 1398 1383 quodam
1426 1335 1697 1386 indignationis

98 1386 236 1426 dedisti.
292 1390 382 1427 Rite
402 1387 440 1424 δι
455 1386 587 1425 ordine
602 1387 742 1433 feceris,
759 1385 783 1424 ss
803 1387 848 1424 ab
871 1389 1014 1436 ingenii
1040 1387 1180 1436 placitis
1196 1390 1240 1426 ad
1256 1401 1407 1427 naturae
1423 1390 1507 1428 scita
1533 1401 1569 1428 te
1581 1393 1696 1431 trans-

99 1445 240 1489 tuleris,
270 1444 339 1480 tibi
355 1455 436 1480 non
461 1443 582 1480 modo
598 1454 718 1479 artem
734 1442 899 1488 brevem,
916 1442 977 1479 sed
994 1444 1030 1480 ὅ(
1044 1445 1157 1482 vitam
1172 1445 1328 1493 longam
1342 1446 1570 1497 porrefftura.
1604 1447 1694 1500 Jam

98 1509 266 1537 caeteros
287 1498 480 1547 chymistas
502 1497 686 1534 sententia
702 1499 742 1534 in
756 1495 1009 1548 Paracelfitm
1034 1499 1108 1535 lata
1130 1498 1268 1536 defixos
1287 1512 1404 1537 cerno
1425 1501 1691 1553 obstupescere.

94 1554 323 1603 Agnoscunt
339 1553 509 1603 profesto
525 1553 670 1590 decreta
691 1551 762 1598 sua,
787 1564 881 1601 quae
904 1552 966 1589 iste
982 1552 1098 1602 magis
1122 1555 1388 1603 promulgavit,
1418 1567 1532 1604 quam
1552 1557 1690 1607 posuit,

95 1621 138 1646 ac
159 1612 370 1658 arrogantia
400 1621 468 1658 pro
499 1607 649 1644 cautelis
674 1606 789 1657 (haud
816 1608 925 1657 plane
953 1620 995 1644 ex
1016 1610 1165 1659 antiqua
1188 1608 1393 1660 disciplina)
1423 1611 1689 1650 communivit.

94 1664 279 1704 Ubisane
297 1676 432 1713 magna
447 1661 654 1700 mentiendi
680 1661 973 1711 reciprocatione
1004 1664 1102 1700 inter
1127 1663 1162 1701 se
1185 1664 1375 1702 conciliati
1400 1667 1518 1714 largas
1547 1667 1690 1714 ubique

95 1720 173 1772 spes
187 1719 383 1764 ostentant,
406 1721 443 1756 ἃ
463 1730 526 1767 per
545 1718 792 1767 experientiae
810 1717 964 1766 quidem
980 1718 1085 1755 devia
1100 1718 1191 1768 vagi,
1213 1721 1252 1756 in
1268 1721 1450 1767 quaedam
1466 1719 1570 1758 utilia
1591 1721 1688 1769 casu,-

94 1786 178 1812 non
200 1775 324 1820 ductu,
349 1775 573 1824 quandoque
595 1772 867 1822 impinguntur.
924 1775 966 1810 In
995 1772 1148 1810 theoriis
1173 1786 1264 1811 vero
1299 1774 1432 1812 iisdem
1451 1775 1498 1812 ab
1522 1785 1600 1812 arte
1626 1775 1688 1814 sua

97 1831 248 1880 (utpote
270 1827 427 1866 fornacis
455 1828 635 1877 discipuli)
666 1840 747 1864 non
774 1829 1005 1866 recesserunt.
1063 1830 1208 1866 Verum
1237 1831 1273 1866 δε
1301 1830 1478 1867 delicatus
1506 1828 1569 1866 ille
1597 1831 1686 1868 ado-

95 1885 317 1922 lescentulus
335 1896 424 1920 cum
439 1883 619 1920 scalmum
638 1885 676 1919 in
694 1884 821 1920 littore
840 1882 1034 1935 reperiss'et,
1058 1896 1192 1920 navem
1223 1884 1411 1922 aedificare
1440 1887 1656 1934 concupivit
1674 1900 1682 1922 τ

94 1942 146 1977 ita
164 1938 369 1976 carbonarii
390 1937 442 1975 isti
463 1951 505 1975 ex
521 1938 683 1989 pauculis
698 1938 983 1975 distillationum
1003 1940 1268 1990 experimentis
1287 1939 1563 1991 philosophiam
1594 1953 1684 1978 con-

95 1996 183 2032 dere
202 1990 356 2043 aggrefl'i
384 1992 479 2040 sunt,
503 1992 640 2042 ubique
668 1991 736 2029 istis
758 1992 1033 2042 separationum
1062 1996 1098 2030 δε
1127 1995 1396 2032 liberationum
1425 1991 1687 2033 absentiffimis

80 2050 205 2087 vidolis
220 2051 438 2086 obnoxIain.
497 2050 581 2085 Nec
598 2048 668 2084 hos
682 2058 810 2085 tamen
829 2060 909 2085 uno
924 2047 1056 2085 ordine
1081 2060 1213 2085 omncs
1229 2048 1369 2086 habeo:
1398 2047 1576 2100 siquidem
1590 2052 1682 2088 utile

93 2116 209 2155 genus
225 2116 360 2141 eorum
376 2104 436 2149 est,
456 2105 521 2151 qui
545 2103 590 2139 de
605 2103 761 2140 theoriis
777 2115 857 2139 non
873 2103 1081 2140 admodum
1106 2102 1249 2149 soliciti,
1280 2105 1495 2142 mechanica
1524 2105 1684 2155 quadam

92 2157 291 2198 subtilitate
308 2171 433 2195 rei-um
455 2160 691 2194 inventarum
706 2156 936 2195 extensiones
950 2158 1208 2210 prehendunt3
1233 2158 1349 2206 qualis
1364 2159 1412 2196 est
1426 2157 1569 2196 Bacon.
1602 2161 1686 2197 Sce-

92 2217 251 2253 leratum
282 2216 318 2250 6<
342 2213 484 2250 sacrum
507 2225 652 2258 eorum,
681 2214 746 2261 qui
784 2212 948 2264 undique
970 2213 1126 2250 theoriis
1168 2213 1239 2249 suis
1263 2213 1409 2264 plausus
1437 2215 1683 2264 conquirunt,

92 2267 341 2307 ambientibus
369 2267 479 2305 etiam
517 2271 553 2304 δε
589 2280 660 2317 pro
687 2266 728 2303 iis
755 2267 1039 2318 supplicantibus
1073 2267 1266 2316 religione,
1299 2269 1372 2317 spe,
1403 2270 1438 2305 δε
1468 2267 1678 2316 impostura.

93 2324 193 2362 Talis
207 2323 255 2360 est
278 2321 390 2375 Isaac
400 2320 635 2368 Hollandlts,
656 2325 691 2359 ὅ(
707 2323 837 2358 turbae
856 2322 1119 2370 chymistarum
1142 2334 1223 2372 pars
1239 2324 1354 2371 longe
1370 2321 1539 2359 maxima.
1596 2323 1683 2373 Age

92 2382 228 2418 citetur
257 2379 329 2422 jam
360 2375 631 2430 Hippocrates,
654 2375 882 2425 antiquitatis
916 2386 1078 2413 creatura
1116 2378 1151 2412 δε
1173 2388 1363 2414 annorum
1390 2377 1575 2415 venditor.
1636 2381 1681 2416 In

92 2436 195 2479 cujus
213 2431 281 2471 viri
303 2433 568 2471 authoritatem
592 2444 679 2469 cum
696 2429 867 2469 Galenus
895 2433 931 2467 ὃς
948 2427 1183 2481 Ῥαναεεζβις
1203 2443 1344 2481 niagno
1363 2441 1518 2480 uterque
1548 2432 1681 2480 studio,

91 2491 247 2527 velutin
271 2488 444 2525 umbram
460 2486 558 2533 asini,
587 2486 621 2523 se
650 2487 810 2535 recipere
832 2487 1049 2532 contendat,
1083 2487 1165 2536 quis
1186 2498 1267 2523 non
1296 2486 1523 2523 cachinnum
1542 2488 1680 2525 tollat?

88 2546 218 2595 Atque
232 2542 294 2580 iste
309 2543 430 2579 homo
443 2553 542 2579 certe
558 2541 595 2578 in
611 2540 829 2591 experientia
844 2542 981 2578 obtutu
996 2551 1179 2592 perpetuo
1193 2540 1341 2578 haerere
1364 2540 1523 2587 videtur,
1545 2554 1678 2580 verum

91 2597 208 2637 oculis
223 2610 303 2634 nori
326 2598 539 2634 natantibus
558 2599 596 2634 ὃ(
617 2596 909 2648 anquirentibus,
938 2596 999 2632 sed
1025 2594 1172 2644 stupidis
1189 2597 1226 2632 δ(
1254 2595 1432 2633 resolutis.
1489 2595 1636 2634 Deinde
1658 2610 1679 2635 a

89 2655 233 2704 stupore
248 2652 323 2690 visu
335 2664 465 2701 parum
481 2652 682 2689 reconcito
697 2651 798 2689 idola
813 2650 994 2699 quaedam
1010 2662 1091 2687 non
1106 2648 1284 2687 immania
1303 2651 1457 2701 quidem
1483 2652 1547 2689 illa
1570 2653 1676 2690 theo-

89 2709 241 2754 riarum,
278 2707 338 2744 sed
368 2705 595 2756 elegantiora
622 2705 695 2753 ista,
733 2718 826 2755 quae
851 2705 1080 2754 superficiem
1108 2704 1277 2741 historiae
1304 2705 1550 2753 circumstant,
1584 2706 1676 2744 exci-

88 2766 154 2813 pit,
191 2763 326 2810 quibus
358 2762 490 2799 haustis
518 2771 666 2798 tumens
693 2763 730 2798 ὃς
767 2759 1023 2809 semisophista‚
1054 2762 1090 2796 ὃ(
1111 2758 1288 2797 brevitate
1322 2760 1386 2810 (de
1422 2759 1519 2797 illius
1546 2762 1674 2798 aetatis

89 2816 214 2866 more)
230 2818 358 2863 tesius,
375 2817 521 2853 oracula
536 2816 691 2852 demum
717 2815 775 2866 (ut
791 2814 843 2852 his
859 2815 990 2864 placet)
1016 2815 1156 2863 pandit,
1177 2827 1341 2863 quorum
1359 2814 1386 2852 ii
1401 2815 1435 2852 se
1455 2815 1674 2864 interpretes

89 2872 215 2911 haberi
243 2871 439 2912 ambiunt;
476 2882 564 2907 cum
594 2881 717 2907 revera
750 2869 845 2907 nihil
870 2869 971 2906 aliud
1004 2879 1098 2918 agat,
1122 2881 1234 2916 quam
1264 2879 1325 2907 aut
1349 2869 1536 2920 sophistica
1564 2881 1672 2919 quac-

89 2929 176 2964 dam
197 2939 260 2976 per
285 2928 455 2975 abruptas
481 2924 713 2974 &suspensas
728 2924 926 2961 sententias
939 2924 1087 2961 tradens
1102 2924 1356 2973 redargutioni
1372 2924 1572 2963 subducat;
1609 2933 1672 2961 aut

88 2981 305 3020 rusticorum
322 2981 597 3017 observationes
612 2978 808 3029 supercilio
822 2979 952 3016 donet.
1008 2979 1138 3027 Atque
1166 2978 1212 3015 ad
1234 2979 1343 3025 hujus
1361 2979 1513 3027 quidem
1531 2976 1598 3014 viri
1614 2979 1671 3014 in-

87 3037 220 3081 stituta,
245 3047 326 3072 non
344 3046 420 3072 tam
451 3035 623 3084 improba
651 3045 763 3082 quam
780 3035 914 3071 inutila
941 3033 1107 3082 proxime
1137 3031 1195 3082 (ut
1218 3033 1329 3071 etiam
1353 3035 1467 3081 vulgo
1488 3031 1668 3081 creditur)

87 3090 227 3128 accedit
242 3089 277 3127 C
276 3088 440 3127 amelius
454 3089 490 3128 C
489 3088 598 3141 elsits,
614 3087 674 3126 sed
691 3090 875 3126 intentior
891 3087 1057 3138 sophista,
1073 3091 1110 3126 δε
1124 3087 1288 3125 historiae
1304 3087 1536 3124 modificatae
1551 3087 1670 3135 magis

89 3143 289 3191 obstristus,
319 3144 419 3182 idem
447 3146 634 3182 moralem
661 3142 965 3182 moderationem
987 3142 1160 3186 scientiae
1189 3138 1438 3192 progressibus
1466 3139 1672 3191 aspergens,

1799 256 1891 300 261.
