1973 3570
195 220 252 260 16

589 200 1067 254 HISTORIAE
1122 191 1621 244 NATURALIS

379 312 785 348 PERSPICUITATIS
814 316 938 342 autem
963 306 998 340 ὅ(
1022 303 1167 339 ordinis
1190 303 1318 351 gratia,
1357 301 1475 337 aditus
1499 298 1682 346 quosdam
1705 299 1749 360 ad
1774 299 1920 348 inquisi-

325 369 461 411 tiones,
491 362 600 402 instar
616 363 901 412 praefationum,
932 357 1213 394 substernimus:
1246 358 1340 392 Item
1358 356 1614 391 connexiones
1631 356 1667 390 ὅ(
1682 355 1842 402 vincula,
1872 367 1922 393 ne

325 418 582 469 inquisitiones
602 416 671 454 sint
686 417 802 463 magis
823 415 1012 462 abruptae,
1042 412 1334 471 interponimus.
1399 462 1410 469 Δ
1526 465 1531 469 .

380 475 453 511 AD
470 473 575 511 usum
591 485 681 510 vero
696 471 949 508 vellicationes
965 466 1140 515 quasdam
1156 466 1201 502 de
1218 466 1373 513 prasiica
1389 468 1631 512 iuggerimus.

375 530 541 565 ETIAM
564 528 727 576 optativa
750 535 894 567 eorum,
933 534 1026 569 quae
1049 520 1168 557 adhuc
1191 532 1271 556 non
1300 518 1496 564 habentur,
1535 530 1608 554 una
1628 529 1716 554 cum
1740 521 1923 567 proximis

325 583 396 620 suis
417 583 457 619 ad
477 582 691 628 erirgendam
706 580 909 616 humanam
925 576 1139 612 industriam
1156 575 1418 633 proponimus.
1687 630 1691 634 ι
1762 631 1768 635 -
1817 630 1824 636 .

380 639 419 674 N
430 623 553 687 EQJi:
578 636 699 672 sumus
720 633 845 678 nescii,
874 629 1132 678 inquisitiones
1156 632 1255 666 inter
1271 634 1306 668 ie
1330 628 1533 675 aliquando
1553 629 1784 676 complicari,
1814 638 1865 691 ita
1881 639 1922 667 ut

328 693 512 728 nonnulla
527 703 568 727 ex
583 687 763 737 inquisitis
789 689 828 723 in
850 686 983 723 titulos
998 684 1161 722 diversos
1176 683 1356 720 incidant.
1407 682 1479 719 Sed
1494 683 1655 719 modum
1671 694 1759 719 eum
1774 682 1922 746 adhibe:

325 746 460 791 bimus,
489 756 528 782 ut
554 748 590 781 ὃς
613 744 882 789 repetitionum
907 740 1047 777 fastidia
1068 741 1104 776 ὅ(
1128 740 1378 782 reiefflonum
1401 737 1600 783 molestias,
1636 747 1821 785 quantum
1840 737 1922 800 fieri

324 796 450 848 possit,
492 790 671 838 vitemus}
721 796 985 845 postponentes
1014 804 1142 830 tamen
1171 793 1244 829 hoe
1273 791 1393 841 ipsum
1425 791 1591 839 (quando
1621 791 1762 829 necesse
1792 793 1920 842 fuerit)

326 853 574 902 perspicuitati
590 852 763 896 docendi,
794 852 833 885 in
848 859 1072 897 argumento
1088 858 1165 883 tam
1182 846 1353 883 obscuro.
1660 903 1665 908 1

376 910 508 945 HAEC
529 908 575 944 est
601 905 803 943 abecedarii
826 914 962 939 norma
983 905 1020 939 ὃ(
1043 903 1180 951 regula.
1237 903 1339 938 Deus
1363 899 1522 938 universi
1539 901 1744 947 Conditor,
1775 901 1922 939 conser-

323 972 428 998 vator
453 964 488 998 ὅ(
521 961 755 1005 Instaurator,
787 969 880 1006 opus
903 957 977 994 hoc
1001 960 1037 994 &
1061 959 1100 993 in
1124 954 1333 993 ascenfione
1358 956 1401 992 ad
1427 957 1588 1004 gloriam
1614 956 1714 992 suam
1739 960 1776 993 ὃ(
1796 959 1836 994 in
1861 957 1922 994 de-

324 1014 512 1052 scensione
536 1015 580 1051 ad
596 1016 741 1051 bonum
765 1013 986 1058 humanum,
1016 1023 1086 1060 pro
1105 1010 1167 1048 sua
1190 1023 1275 1060 erga
1291 1011 1466 1047 homines
1491 1011 1755 1048 benevolentia
1770 1011 1922 1048 &mise—

324 1070 494 1116 ricordia,
523 1078 694 1119 protegat
710 1070 746 1105 ὅ(
762 1077 876 1116 regat,
904 1079 968 1116 per
985 1068 1120 1103 Filium
1137 1064 1244 1103 suum
1260 1066 1416 1102 unicum
1432 1065 1630 1104 nobiscum
1646 1067 1784 1103 Deum.

371 1312 1863 1411 HISTORIAE

539 1536 1696 1618 NATURALIS

1064 1757 1167 1794 AD

383 1918 1021 1996 CONDENDAM
1091 1924 1844 1999 PH1LosoPHIAM

507 2137 1718 2218 PRAEFATIO.

523 2488 624 2513 mus:
655 2479 790 2526 Neque
813 2480 915 2515 enim
938 2481 1057 2525 major
1081 2482 1232 2518 aliunde
1247 2481 1282 2519 se
1308 2480 1470 2519 ostendit
1487 2484 1582 2520 bene
1605 2486 1777 2522 merendi
1801 2489 1910 2534 ratio,

524 2543 635 2578 quam
658 2530 683 2568 si
699 2533 736 2568 id
760 2543 896 2582 agatur,
926 2545 965 2571 ut
989 2536 1163 2573 homines
1187 2539 1223 2574 ὃς
1246 2538 1472 2586 placitorum
1487 2539 1595 2576 larvis
1620 2543 1656 2578 ὅ(
1679 2542 1911 2589 experimen-

319 2594 444 2621 torum
466 2585 671 2633 stuporibus
686 2587 842 2633 liberati,
871 2586 934 2637 ipsi
957 2601 1041 2626 cum
1058 2592 1177 2638 rebus,
1206 2593 1324 2641 magis
1347 2592 1419 2629 fida
1435 2595 1471 2630 ὅ(
1494 2595 1611 2642 magis
1627 2595 1722 2632 atita
1746 2597 1840 2633 inita
1854 2596 1910 2634 so-

317 2640 460 2685 cietate,
495 2640 715 2677 contrahant
739 2640 835 2689 quafi
858 2654 922 2691 per
945 2647 1208 2692 experientiam
1231 2647 1419 2694 quandam
1438 2649 1634 2687 literatam.
1697 2651 1781 2687 Hoc
1805 2652 1910 2689 enim

316 2694 435 2729 modo
459 2695 665 2731 intelleCius
689 2698 724 2732 ὅ(
748 2697 786 2732 in
809 2707 894 2734 tuto
917 2700 953 2734 &
977 2699 1016 2734 in
1040 2699 1189 2737 summo
1214 2703 1433 2749 collocatur,
1463 2714 1573 2752 atque
1596 2705 1737 2753 praesto
1760 2705 1909 2756 insuper

319 2749 400 2793 crit,
430 2758 539 2795 atque
563 2750 710 2798 ingruet
725 2762 848 2787 rerum
873 2753 1024 2789 utilium
1038 2765 1252 2802 proventus.
1308 2757 1438 2805 Atque
1461 2758 1569 2803 hujus
1584 2761 1637 2795 rei
1661 2761 1812 2797 exordia
1827 2773 1908 2797 om-

321 2803 416 2837 nino
446 2814 465 2838 a
488 2804 646 2839 naturali
677 2804 823 2841 historia
847 2806 1015 2844 ducenda
1043 2807 1145 2851 sunt3
1186 2823 1275 2848 nam
1298 2812 1466 2849 universa
1489 2813 1723 2864 philosophia
1748 2815 1908 2852 Graeco-

320 2867 416 2901 rum,
446 2868 532 2892 cum
548 2856 650 2893 sectis
668 2858 736 2895 suis
751 2862 977 2910 omnigenis,
1006 2872 1114 2910 atque
1129 2863 1153 2901 fi
1169 2877 1240 2913 qua
1256 2867 1325 2903 alia
1340 2867 1576 2917 philosophia
1591 2870 1631 2905 in
1655 2869 1830 2906 manibus
1846 2871 1907 2918 est,

318 2910 428 2945 nobis
456 2911 602 2947 videtur
629 2911 734 2961 super
756 2915 869 2951 nimis
894 2917 1079 2965 angustam
1107 2917 1205 2956 basin
1232 2922 1422 2958 Naturalis
1449 2921 1620 2960 historiae
1645 2923 1798 2960 fundata
1825 2925 1907 2972 effe,

317 2973 426 3011 atque
449 2976 489 3000 ex
519 2967 752 3013 paucioribus
776 2980 887 3015 quam
915 2982 978 3020 par
1002 2982 1078 3008 crat
1108 2976 1371 3022 pronuntiasse.
1426 2975 1600 3026 Arreptis
1626 2979 1730 3015 enim
1759 2980 1907 3026 quibus-

314 3017 401 3054 dam
431 3018 475 3055 ab
505 3021 728 3069 experientia
750 3023 1025 3071 traditionibus,
1067 3039 1189 3076 neque
1217 3030 1261 3067 iis
1289 3030 1481 3069 interdum
1504 3042 1566 3069 aut
1595 3034 1798 3083 diligenter
1827 3047 1905 3071 exa-

1740 3099 1901 3135 minatis,

506 2367 599 2405 UM
623 2369 732 2405 nobis
751 2369 923 2408 homines
946 2384 1015 2408 nec
1032 2373 1212 2420 opinandi
1236 2385 1306 2410 nec
1330 2374 1543 2421 experiendi
1566 2375 1640 2412 vias
1655 2384 1784 2413 tenere
1807 2388 1911 2426 pror·

319 2367 495 2552 C
523 2421 579 2458 sus
607 2423 813 2470 videantur,
855 2427 962 2463 omni
991 2438 1063 2475 ope
1092 2427 1178 2463 hnic
1203 2427 1420 2465 infortunio
1449 2427 1744 2467 subveniendum
1771 2434 1912 2481 putavi-
