1973 3570
295 231 402 275 DE
463 229 1001 278 SAPIENTIA
1054 232 1510 283 VETERUM.

75 330 266 380 ‘praeclari
284 329 319 366 id
336 330 483 376 habent,
514 340 555 367 ut
576 330 671 379 apud
685 330 905 367 omnessetc
916 331 1076 382 populos
1087 328 1154 368 sint
1170 329 1428 382 acceptissimi:
1459 333 1552 370 adeo
1568 345 1605 370 ut
1623 336 1692 371 ct-:i-

90 383 389 435 liumptaestanti
412 384 540 421 artifici
556 387 613 421 vix
641 384 807 436 supplicii
828 386 916 421 loco
932 382 982 421 sit.
1043 386 1144 421 Nam
1169 385 1257 422 aliae
1277 385 1369 423 vitae
1391 386 1625 424 conditiones
1654 393 1690 426 C(

80 451 238 488 genera,
267 450 367 476 extra
381 442 539 491 patriam
556 452 635 476 non
658 439 764 476 facile
788 439 918 476 llorere
948 439 1105 488 poll'unr.
1164 439 1362 477 Artificum
1387 452 1511 478 autem
1535 442 1686 480 admira-

91 492 159 540 tio,
187 505 413 544 propagatur
436 497 474 532 &
501 504 656 544 augetur
683 495 780 544 apud
804 505 949 531 exteros
977 496 1011 530 δε
1034 496 1260 543 peregrinos,
1288 508 1376 531 cum
1394 494 1541 533 insitum
1560 496 1690 534 animis

74 548 292 587 hominum
309 547 349 585 sit
370 548 475 593 illud,
506 558 548 585 ut
577 550 772 600 populares*
803 548 897 595 suos,
925 550 1048 599 quoad
1068 548 1215 598 opificia
1242 551 1458 587 mechanica
1486 549 1525 587 in
1554 550 1691 588 minori

90 604 211 653 pretio
227 603 395 641 habeant.
451 605 509 640 De
526 603 591 640 usu
607 614 731 639 autem
752 602 884 639 artium
900 602 1214 649 mechanicarum,
1244 617 1338 651 quac
1367 605 1581 656 sequuntur,
1617 618 1692 643 ma<

87 656 217 695 m'festa
237 657 347 698 sunt3
375 660 539 695 multum
555 659 659 694 enim
675 656 745 693 illis
765 657 875 694 debet
890 655 964 695 vita
987 657 1161 704 humana,
1192 670 1280 694 cum
1294 660 1456 710 plurima
1477 662 1512 696 ὃ(
1542 661 1586 696 ad
1611 661 1690 697 rcli-

88 710 211 761 gionis
227 723 453 762 apparatum,
483 715 519 749 ὃ(
541 711 587 748 ad
619 710 787 750 civilium
811 711 932 759 decus,
963 715 1000 749 δε
1023 713 1066 749 ad
1091 712 1278 750 universae
1300 712 1394 751 vitae
1421 716 1618 760 culturam,
1649 728 1690 752 cx

85 765 235 804 'illatum
250 766 424 805 thesauris
444 768 579 804 collata
598 765 687 818 sint:
716 778 966 804 veruntamen
996 780 1038 804 cx
1068 768 1201 804 codem
1231 767 1339 805 fonte
1360 779 1535 806 emanant
1565 768 1689 806 instru-

88 831 219 858 menta.
228 820 408 868 himinis,
435 832 546 873 atque
560 820 672 858 eti'am
688 821 928 859 instrumenta
943 824 1088 859 mortis.
1144 822 1250 859 Misl'a
1274 822 1377 860 enim
1397 835 1475 860 arte
1491 825 1689 871 lenonum,

87 878 231 913 venena
243 872 515 924 quaesstissima‚
545 877 656 925 atque
675 887 866 914 tormenta
890 878 1032 923 bellica,
1063 877 1402 926 atquchujusmodi
1420 878 1545 929 pestes,
1578 878 1690 927 (quae

85 929 305 968 mechanicis
320 931 479 969 inventis
497 930 696 982 debentur)
721 932 838 983 probe
854 931 1039 979 novimus,
1069 942 1254 984 quantum
1284 932 1540 970 minotaurum
1570 932 1689 984 ipsum

87 984 236 1023 laevitia
254 987 291 1022 &
319 985 480 1036 pernicie
502 985 714 1036 superarint.
774 985 1022 1024 Pulcherrima
1043 998 1168 1024 autem
1184 988 1363 1036 allegoria
1383 988 1430 1025 cst
1453 988 1498 1024 dc
1527 988 1687 1036 labyrin-

82 1040 169 1088 tho,
196 1052 270 1092 qua
295 1052 424 1089 natura
450 1040 627 1090 generalis
656 1041 892 1078 mechanicae
925 1041 1176 1093 adumbratur.
1236 1044 1379 1080 Omnia
1408 1044 1510 1079 enim
1543 1043 1686 1080 mecha-

86 1094 185 1142 nica,
207 1107 302 1147 quac
313 1095 429 1145 magis
445 1096 528 1133 sunt
549 1095 739 1145 ingeniosa
755 1098 791 1132 δε
810 1106 986 1144 accurata,
1017 1095 1124 1133 instar
1155 1095 1353 1144 labyrinthi
1372 1095 1501 1134 sinceri
1521 1094 1686 1148 possint5

87 1161 245 1202 propter
259 1149 500 1188 subtilitatem
522 1153 558 1187 δε
573 1152 711 1188 variam
737 1149 1029 1201 implicationem
1054 1153 1090 1187 δε
1106 1151 1256 1187 obviam
1272 1149 1564 1197 fimilitudinem,
1594 1165 1687 1200 quae

34 1243 37 1245 ,
83 1207 149 1242 ‘vix
175 1203 422 1252 ullojudicio,
452 1205 513 1242 sed
537 1215 685 1242 tantum
709 1204 952 1255 experientiae
980 1205 1046 1241 filo
1078 1206 1156 1254 regi
1187 1207 1222 1241 &
1249 1205 1496 1242 discriminari
1523 1207 1683 1256 poss'unt.

87 1261 176 1298 Nec
193 1261 320 1297 minus
354 1268 443 1311 apte
460 1258 640 1306 adiicitur,
671 1260 774 1310 quod
808 1258 906 1296 idem
940 1260 1016 1306 illc,
1045 1261 1109 1311 qui
1133 1258 1333 1308 labyrinthi
1355 1273 1497 1297 errores
1530 1262 1687 1308 invenit,

88 1313 202 1351 etiam
228 1313 280 1351 fili
311 1314 631 1352 commoditatem
653 1312 894 1355 monstravit3
932 1313 1015 1351 sunt
1045 1316 1148 1351 enim
1175 1324 1267 1351 artes
1295 1315 1543 1361 mechanicae,
1574 1317 1687 1353 veluti

86 1368 171 1406 usus
197 1367 374 1418 ambigui,
403 1379 512 1417 atque
540 1368 680 1406 faciunt
703 1371 739 1406 ὃς
759 1369 804 1405 ad
832 1380 1108 1407 nocumentum
1139 1371 1176 1406 &
1204 1369 1250 1405 ad
1283 1368 1504 1415 remedium,
1543 1372 1579 1406 δε
1608 1370 1685 1407 sere

85 1423 199 1462 virtus
215 1435 342 1461 earum
372 1423 522 1473 seipsam
552 1423 661 1461 solvit
683 1424 718 1460 ὃς
747 1424 889 1461 retexit.
945 1422 1110 1460 Artificia
1139 1434 1265 1461 autem
1293 1423 1433 1470 illicita,
1461 1434 1571 1472 atque
1587 1425 1684 1461 adeo

85 1489 185 1516 artes.
200 1478 290 1530 ipsas
304 1478 441 1530 saepius
459 1478 691 1530 persequitur
706 1476 864 1519 Μὶηθςς
895 1479 968 1521 hoc
983 1477 1043 1525 est,
1073 1480 1181 1527 leges,
1210 1490 1302 1529 quae
1322 1477 1400 1515 illas
1428 1479 1609 1516 damnant
1641 1482 1680 1516 <Sc

85 1545 214 1587 catum
239 1531 347 1571 usum
361 1535 509 1585 populis
524 1533 763 1571 interdicunt.
821 1532 1078 1573 Nihilominus
1104 1535 1189 1570 illae
1204 1532 1439 1570 occultantur
1469 1535 1505 1570 ὅ(
1526 1533 1685 1583 retinem

85 1594 161 1635 mr,
187 1591 228 1626 <Sc
248 1589 400 1637 ubique,
429 1589 638 1626 &latebras
666 1591 702 1626 δε
725 1600 915 1640 receptum
943 1584 1094 1633 habent,
1123 1588 1226 1639 quod
1247 1584 1283 1624 δὲ
1306 1588 1400 1624 bene
1429 1598 1606 1624 notatum
1635 1589 1683 1626 est

86 1645 285 1681 inminon
300 1645 466 1681 multum
480 1639 648 1680 diffimili
664 1656 684 1680 a
701 1640 837 1681 Tacito
859 1642 926 1680 suis
947 1642 1174 1692 temporibus
1200 1643 1246 1679 de
1271 1642 1542 1679 mathematicis
1559 1644 1594 1678 &
1623 1656 1683 1693 ge-

87 1698 290 1745 nethliacis‚
310 1710 436 1750 genus
454 1698 603 1747 (inquit)
623 1696 828 1746 hominnm,
858 1696 959 1751 quod
970 1698 1010 1735 in
1021 1697 1192 1735 civitate
1206 1694 1330 1747 nostra
1329 1695 1480 1749 simper
1491 1692 1538 1738 <VJ
1548 1697 1683 1734 retine-

86 1751 192 1791 ἀξίην
208 1750 255 1796 ὧν
273 1751 485 1791 vetabitur.
541 1754 588 1790 Et
607 1764 732 1790 tamen
754 1766 846 1791 artes
870 1751 1018 1790 illicitae
1034 1755 1071 1789 ὃ(
1089 1752 1252 1799 curiosae
1272 1751 1523 1800 cujuscunque
1538 1752 1683 1801 generis

86 1810 206 1846 traditu
219 1811 413 1860 temporis,
442 1821 528 1845 cum
543 1808 620 1845 fere
636 1821 728 1858 quae
744 1809 989 1859 polliceantur
1005 1820 1085 1845 non
1100 1806 1278 1859 praestant
1304 1807 1494 1858 (tanquam
1510 1800 1617 1843 Icari
1635 1808 1683 1844 de

87 1862 214 1913 coelo)
244 1865 290 1900 dc
306 1862 568 1900 existimatione
584 1863 644 1900 sua
664 1864 842 1902 decidunt
859 1863 895 1900 δε
912 1863 951 1899 in
966 1873 1230 1912 contemptum
1244 1863 1399 1899 veniunt
1417 1859 1582 1898 &nimia
1609 1860 1682 1913 ipsa

87 1919 335 1959 ostentatione
350 1928 518 1970 percunt.
574 1919 621 1954 Et
632 1929 729 1956 certe
750 1917 775 1955 fi
791 1932 920 1958 verum
940 1917 1102 1954 omnino
1117 1916 1317 1954 dicendum
1341 1917 1400 1963 est,
1430 1913 1511 1953 non
1539 1926 1617 1953 tam
1632 1917 1689 1966 fej,

89 1971 205 2017 lidtet
216 1974 344 2024 legum
363 1974 498 2010 fraenis
518 1977 750 2021 coercentur,
778 1988 892 2027 quam
907 1983 1161 2023 coarguuntur
1181 1985 1224 2010 ex
1239 1970 1397 2010 vanitate
1417 1968 1574 2024 propria.

427 2099 500 2130 20.
537 2086 934 2142 ERICTHONIUS,
963 2084 1065 2148 five
1083 2080 1344 2148 Impost'ura.

141 2199 478 2236 FABULANTUR
505 2200 636 2248 poetae
650 2197 862 2237 Vulcanum
880 2197 1098 2248 pudicitiam
1113 2195 1325 2235 Minervae
1340 2194 1543 2243 solicitasse,
1572 2206 1686 2244 atque

86 2250 242 2290 subinde
266 2253 439 2302 cupidine
469 2252 675 2301 incensum,
703 2253 780 2290 vim
814 2253 1025 2300 adhibuisse,
1062 2263 1173 2302 atque
1206 2251 1245 2289 in
1275 2252 1349 2302 ipsa
1372 2252 1469 2288 luc‘ta
1497 2251 1622 2288 semen
1642 2253 1685 2289 in

86 2316 225 2345 tetram
239 2306 414 2349 effudisse,
445 2321 491 2346 ex
506 2321 584 2357 quo
600 2305 872 2346 EriHhonium
891 2310 1024 2345 natum
1039 2307 1119 2354 ess'e,
1147 2308 1212 2357 qui
1234 2306 1366 2357 (partes
1383 2303 1602 2355 superiores)
1623 2306 1683 2343 de-

87 2374 179 2400 coea
205 2364 242 2399 ὅ(
270 2373 371 2411 grata
399 2374 475 2401 erat
501 2365 667 2415 corporis
693 2374 888 2415 compage,
924 2362 1070 2399 femora
1091 2371 1218 2398 autem
1245 2363 1281 2397 δε
1313 2361 1425 2398 tibiae
1448 2359 1621 2398 suberant
1643 2359 1694 2408 in,

87 2418 271 2466 anguillae
293 2415 584 2465 similitudinem,
613 2417 719 2455 exilia
736 2420 772 2455 ὅ(
797 2416 1000 2455 deformia:
1028 2417 1130 2462 cujus
1143 2414 1393 2453 deformitatis
1418 2426 1506 2452 cum
1530 2413 1603 2466 ipse
1617 2412 1683 2452 fibi

87 2470 255 2510 conscius
283 2472 380 2520 essct,
410 2485 498 2511 eum
525 2475 692 2525 primum
709 2485 889 2511 curruum
915 2471 1025 2509 usum
1055 2468 1241 2517 invenisse,
1269 2480 1310 2507 ut
1330 2469 1433 2519 quod
1458 2468 1497 2506 in
1524 2481 1685 2519 corpote

87 2526 329 2577 magnificum
363 2537 452 2574 erat,
480 2528 689 2576 ostentaret,
718 2528 900 2578 probrum
934 2537 1060 2564 autem
1088 2535 1240 2575 tegeret.
1296 2525 1415 2568 Huius
1442 2524 1587 2561 fabulae
1615 2523 1683 2561 mi-

88 2593 155 2620 rae
172 2584 212 2619 &
237 2581 467 2633 prodigiosae
482 2594 524 2619 ea
553 2583 735 2620 sententia
750 2583 818 2620 csse
837 2581 1006 2620 videtur:
1034 2580 1184 2627 Artem,
1212 2592 1305 2632 quae
1333 2579 1399 2617 sub
1426 2578 1582 2629 persona
1594 2576 1686 2617 Vul-

88 2636 180 2674 cani
195 2637 246 2674 ob
269 2636 516 2687 multiplicem
531 2636 638 2675 usum
653 2637 952 2688 repraesentatur,
981 2635 1125 2685 quoties
1143 2647 1209 2685 pet
1222 2646 1428 2687 corporum
1442 2634 1686 2671 omnimodas

91 2691 309 2739 vexationes,
338 2703 490 2729 naturae
509 2691 586 2731 vim
605 2692 724 2730 facere
752 2704 908 2744 eamque
924 2694 1071 2729 vincere
1099 2702 1140 2728 ac
1168 2689 1335 2739 subigere
1363 2689 1580 2735 contendat,
1610 2689 1686 2736 (na-

86 2756 173 2784 mra
202 2756 331 2784 autem
356 2747 422 2784 sub
450 2747 607 2798 persona
629 2745 852 2794 Minervae,
883 2746 934 2783 ob
957 2758 1115 2798 opetum
1134 2744 1326 2782 solertiam
1346 2740 1604 2791 adumbratur)
1638 2740 1683 2779 ad

88 2811 223 2839 votum
237 2804 275 2839 &
295 2802 413 2839 finem
427 2801 647 2839 destinatum
673 2815 755 2839 raro
769 2801 977 2854 pertingere
993 2815 1004 2842 3
1035 2799 1095 2838 sed
1110 2810 1239 2837 tamen
1265 2800 1383 2836 multa
1406 2795 1682 2837 machinatione

88 2855 348 2894 &molitione
373 2857 566 2908 (tanquam
588 2856 701 2907 lucta)
731 2855 952 2894 intercidere
985 2866 1095 2907 atque
1123 2853 1245 2892 emitti
1272 2855 1530 2904 generationes
1551 2850 1682 2900 imper-

88 2911 201 2949 fectas
214 2913 251 2948 ὅ(
265 2923 375 2963 opera
387 2912 569 2960 quaedam
584 2924 728 2959 manca,
756 2911 901 2964 aspectu
916 2910 1085 2962 speciosa,
1113 2910 1180 2947 usu
1195 2908 1342 2946 infirma
1359 2910 1396 2945 δί
1415 2905 1654 2965 claudicantia
1670 2916 1682 2944 3

88 2977 184 3018 quae
204 2975 329 3003 tamen
353 2967 572 3018 impostores
596 2968 722 3004 multo
745 2969 781 3003 &
809 2964 928 3003 fallaci
949 2975 1125 3015 apparatu
1146 2963 1330 3002 'ostentant
1356 2965 1392 3001 ὅ(
1414 2963 1524 2998 veluti
1551 2969 1681 3019 trium-

89 3020 244 3072 phantes
257 3022 554 3059 circumducunt.
611 3022 745 3074 Qalia
764 3021 840 3058 fere
861 3022 896 3057 ὅ(
918 3022 1014 3058 inter
1029 3017 1292 3070 productiones
1309 3017 1505 3067 chymicaS,
1535 3014 1681 3049 &mter

88 3072 305 3111 subtilitates
320 3077 357 3112 ὃς
376 3075 557 3114 novitate-s
575 3075 805 3114 mechanicas
816 3073 962 3126 *saepius
977 3085 1109 3112 notare
1124 3073 1209 3112 licet
1225 3088 1236 3115 5
1264 3068 1474 3125 praesertim
1502 3080 1589 3104 cum
1614 3068 1680 3103 ho-

89 3128 211 3167 mines
222 3131 347 3180 potius
363 3129 597 3183 propositum
611 3131 796 3181 urgentes,
824 3142 939 3182 quam
947 3130 993 3167 ab
1003 3128 1185 3170 erroribus
1200 3127 1272 3169 suis
1287 3128 1322 3166 sc
1338 3123 1564 3175 recipientes,
1593 3132 1682 3181 cum

143 3185 305 3222 Yon-11.
876 3185 913 3223 A
928 3197 948 3222 a
962 3197 982 3223 a
1554 3185 1684 3215 natura

1786 241 1882 299 369
