1973 3570
68 218 162 266 affl

307 198 1736 260 DEINTERPRETATIONENATURAE

240 310 278 349 ὅτ
293 321 462 349 errorum
477 319 639 347 extrema
659 315 864 356 amputans,
885 317 966 343 non
980 304 1099 354 prima
1113 305 1284 342 evellens.
1340 304 1467 356 Atque
1487 305 1533 341 de
1555 303 1624 341 istis
1647 299 1848 348 verissimay

242 366 398 414 quidem
412 364 502 402 haec
524 363 620 401 sunt.
677 364 794 400 Nune
808 371 934 399 autern
949 359 1194 397 sciscitantem
1213 370 1249 397 te
1266 359 1391 405 audio,
1411 358 1474 405 fili,
1491 371 1538 395 an
1554 371 1634 396 non
1659 359 1755 395 forte
1769 356 1849 395 'de-¹

242 422 392 467 teriora,
413 430 454 457 ut
468 420 522 466 fit,
540 419 717 456 voluere?
758 413 974 453 Praesertim
997 427 1085 451 eum
1099 414 1207 451 status
1227 412 1396 451 scientiae
1423 412 1464 450 fit
1494 413 1634 463 semper
1654 413 1730 449 fere
1745 411 1832 451 De-

244 472 504 514 mocraticus?
530 472 597 509 An
613 483 693 508 non
708 482 855 520 tempus
868 468 982 508 veluti
996 469 1138 506 flumen
1161 470 1255 505 levia
1289 471 1324 505 δε
1357 468 1482 505 inflata
1504 469 1548 504 ad
1577 481 1647 505 nos
1677 468 1832 514 devexit,

243 530 362 569 solida
386 532 422 567 δε
437 529 560 579 gravia
575 524 770 564 demersit?
803 525 907 577 Quid
921 534 1064 562 veteres
1080 523 1135 561 illi
1151 525 1313 561 veritatis
1334 521 1566 571 inquisitores
1587 520 1847 568 Heraclitus„

245 583 516 630 Democritus,
528 579 792 634 Pythagoras,
808 579 1082 630 Anaxagoras,
1099 575 1347 630 Empedocles
1362 580 1398 614 ὃς
1414 576 1484 623 alii,
1504 576 1640 623 alienis,
1657 589 1736 613 non
1751 590 1836 626 pro-

246 639 329 693 priis
347 636 611 690 scriptisnoti?
640 636 742 687 Quid
763 636 927 682 denique
950 635 995 670 de
1024 632 1169 670 filentio
1190 635 1227 670 &
1261 632 1407 669 secretis
1435 631 1661 682 antiquitatis
1689 631 1834 669 statuis?

246 697 342 744 Ego,
369 694 433 741 fili,
452 703 494 730 ut
520 693 590 729 tibi
615 690 676 740 (ex
703 702 810 726 more
838 701 940 735 meo,
971 689 1009 725 id
1038 688 1098 734 est,
1127 687 1192 725 usu
1214 690 1295 735 tuo)
1323 687 1577 736 respondeam,
1608 685 1836 734 antiquitatis

246 749 501 798 fragmentum
522 757 642 783 unum
658 754 719 780 aut
734 745 893 781 alterum
919 742 1178 792 (inventorum
1194 742 1290 787 dico,
1320 754 1400 777 non
1416 740 1615 790 librorum)
1646 741 1809 789 agnosco
1826 756 1835 778 ε

248 804 360 852 idque
375 802 495 852 ipsum
516 811 643 836 tamen
667 800 785 847 magis
799 808 841 834 ut
861 796 1074 845 diligentiae
1091 795 1380 845 &ingenuitatis
1410 796 1607 844 specimen,
1637 809 1746 844 quam
1774 796 1836 832 sci-

247 857 368 896 entiae
383 853 558 894 authoris.
615 854 675 890 De
690 851 730 888 iis
758 863 849 889 vero
863 852 982 897 rebus,
1013 862 1105 898 quae
1133 862 1221 886 cum
1243 849 1395 900 vestigiis
1429 851 1499 888 suis
1523 851 1709 898 aufugere,
1733 849 1757 886 si
1784 850 1837 887 in-

251 923 409 950 nuerem
431 907 614 947 laboriosa
652 907 721 943 effe
750 906 812 942 ista
839 906 1136 951 conjecturarum
1170 908 1335 954 aucupia,
1362 917 1430 941 nec
1456 906 1747 942 consentaneum
1777 917 1838 942 me

249 965 427 1005 utilitates
443 964 480 1000 in
496 963 684 1013 posterum
704 961 872 998 humano
895 959 1022 1009 generi
1055 970 1246 1009 parantem
1268 960 1312 997 ad
1336 959 1561 1010 antiquitatis
1593 959 1840 1010 philologiam

250 1019 470 1069 retrogredi,
493 1018 544 1055 sat
565 1016 642 1053 scio
669 1028 739 1065 pro
755 1015 932 1052 modestia
950 1025 1013 1052 tua
1040 1015 1297 1064 acquiesceres.
1354 1016 1625 1052 Verumtamen
1641 1025 1681 1051 ut
1710 1016 1839 1064 perspi-

250 1087 334 1113 cere
350 1070 477 1126 possis,
500 1084 613 1124 quam
633 1083 689 1108 res
709 1070 911 1120 praesentes
928 1069 1109 1107 bifrontes
1130 1081 1229 1107 vates
1258 1068 1340 1116 sint,
1374 1081 1560 1120 quamque
1581 1072 1616 1106 ὃς
1639 1069 1775 1107 futuras
1803 1073 1842 1108 <Sc

250 1130 464 1182 praeteritas
493 1139 623 1164 coram
657 1124 787 1172 sistant,
829 1123 972 1163 decrevi
1010 1124 1203 1174 utriusque
1238 1123 1421 1174 temporis
1458 1126 1592 1162 tabulis
1622 1122 1731 1172 (quae
1760 1137 1842 1162 non

250 1194 401 1222 tantum
427 1181 597 1220 scientiae
621 1179 792 1218 decursus
813 1182 849 1217 &
865 1180 996 1226 fluxus,
1026 1178 1086 1216 sed
1107 1182 1143 1217 &
1164 1178 1255 1216 alios
1269 1192 1393 1217 rerum
1408 1179 1575 1230 provisus
1594 1181 1846 1228 complectan—

251 1237 331 1287 tur)
356 1239 425 1275 tibi
445 1237 651 1288 gratificari.
708 1237 845 1284 Neque
866 1245 908 1272 tu
930 1234 1004 1271 hoc
1028 1236 1136 1282 quale
1160 1233 1201 1272 fit
1237 1233 1454 1282 (antequam
1476 1231 1614 1282 videas)
1650 1246 1840 1283 augurere.

253 1296 351 1332 Non
371 1295 474 1330 enim
489 1292 587 1329 cadit
602 1293 642 1328 in
657 1300 694 1327 te
719 1303 804 1328 vera
823 1288 973 1335 hujusce
997 1290 1047 1325 rei
1070 1288 1303 1341 anticipatio:
1332 1292 1417 1327 Nec
1444 1287 1469 1325 fi
1489 1288 1613 1326 minus
1640 1290 1683 1325 ad
1712 1302 1844 1328 manus

255 1360 335 1386 tuas
362 1349 498 1394 veniat,
530 1345 704 1394 requiras.
762 1344 960 1382 Gratiticor
998 1345 1102 1380 enim
1138 1345 1319 1394 (inquam)
1350 1343 1564 1392 quibusdam
1592 1342 1749 1380 vestrum
1779 1347 1848 1382 hae>

254 1403 295 1441 in
315 1415 363 1449 re,
384 1401 448 1449 fili,
478 1405 515 1439 &
544 1398 816 1439 delicatioribus
843 1399 990 1450 spiritus
1016 1397 1191 1435 concilio.
1248 1398 1425 1435 Omnino
1459 1397 1606 1435 scientia
1630 1410 1672 1435 ex
1694 1411 1848 1438 naturae

253 1457 399 1496 lumine
429 1458 598 1508 petenda,
636 1467 715 1492 non
747 1467 789 1490 ex
816 1452 1047 1501 antiquitatis
1075 1451 1295 1490 obscuritate
1331 1454 1525 1503 repetenda
1553 1453 1611 1490 est.
1681 1455 1765 1491 Nec
1793 1468 1847 1493 re-

255 1513 326 1550 fert
349 1511 437 1560 quid
459 1511 598 1548 factum
622 1510 747 1554 fuerit,
772 1507 866 1545 illud
894 1507 1098 1544 videndum
1132 1508 1223 1556 quid
1248 1508 1325 1545 fieri
1353 1504 1478 1559 possit.
1547 1508 1614 1544 An
1647 1517 1688 1545 tu
1717 1509 1741 1546 fi
1769 1523 1846 1561 reg-

257 1579 352 1605 num
366 1567 436 1603 tibi
451 1567 563 1602 armis
582 1567 619 1602 &
646 1564 778 1601 victori
807 1563 910 1600 bello
943 1561 1178 1612 subjugatum
1193 1563 1407 1610 traderetur,
1430 1562 1657 1611 quaestiones
1685 1566 1848 1603 nec'teres

257 1632 385 1660 utrum
415 1621 574 1667 majores
602 1620 658 1656 tui
687 1618 780 1655 illud
808 1619 999 1654 tenuerint
1023 1629 1156 1659 necne,
1193 1620 1230 1655 δε
1251 1619 1557 1667 genealogiarum
1591 1628 1758 1656 rumores
1793 1622 1847 1658 so-

258 1676 442 1714 licitares?
481 1675 612 1724 Atque
640 1674 730 1711 haec
763 1674 808 1710 de
849 1672 1078 1724 antiquitatis
1113 1673 1365 1724 penetralibus
1396 1672 1491 1709 dista
1521 1672 1616 1710 sunt.
1689 1676 1746 1712 De
1776 1677 1849 1713 istis

256 1743 348 1768 vero
373 1730 551 1767 sectarum
580 1729 747 1774 ducibus,
770 1738 865 1779 quos
888 1727 1100 1772 nominasti,
1130 1729 1166 1764 δε
1189 1725 1441 1778 compluribus
1467 1729 1547 1764 aliis
1580 1726 1616 1764 id
1645 1741 1772 1778 genus,
1797 1731 1847 1768 fa-

256 1787 339 1823 cilis
360 1784 540 1822 sententia
554 1784 612 1821 est.
669 1785 800 1820 Errori
820 1784 985 1828 varietas,
1015 1783 1159 1819 veritati
1179 1784 1301 1819 unitas
1323 1784 1517 1831 competit.
1573 1783 1633 1819 Ac
1662 1782 1728 1820 nisi
1756 1795 1848 1822 tem-

259 1852 396 1892 porum
415 1838 566 1891 politiae
582 1841 618 1876 &
632 1837 799 1890 provisus
813 1837 998 1883 ejusmodi
1017 1835 1259 1885 ingeniorum
1283 1838 1648 1888 peregrinationibus
1671 1838 1849 1877 adversio·

262 1908 318 1933 res
341 1893 561 1941 exstitissent,
590 1894 730 1930 multae
754 1891 865 1929 etiam
892 1890 980 1928 aliae
1017 1903 1188 1929 errorum
1211 1903 1297 1928 orae
1327 1891 1474 1928 fuiffcnt
1502 1904 1719 1941 peragratae.
1777 1896 1848 1931 lm-

260 1948 434 1987 mensum
457 1951 562 1986 enim
590 1948 740 1997 pelagus
760 1945 922 1985 veritatis
938 1945 1097 1983 insulam
1111 1947 1322 1983 circumluit
1340 1959 1349 1986 3
1380 1948 1415 1983 δί
1436 1946 1627 1997 supersunt
1641 1948 1761 1985 adhuc
1776 1962 1849 1986 no-

262 2016 327 2041 vae
345 2014 547 2041 ventorum
566 2001 756 2039 idolorum
785 2002 940 2047 injuriae
969 2003 1005 2038 &
1034 2001 1279 2046 disjefflones.
1341 2001 1561 2052 Quinetiam
1590 2001 1848 2041 nudiustertius

262 2055 534 2097 Bernardimts
550 2053 712 2106 Telefius
733 2056 881 2093 scenam
896 2054 1124 2102 conscendit,
1140 2058 1177 2093 &
1193 2056 1356 2093 fabulam
1372 2068 1510 2093 novam
1526 2054 1611 2105 egit,
1632 2069 1702 2094 nec
1721 2058 1850 2106 plausu

261 2113 459 2158 celebrem,
477 2124 548 2149 nec
565 2121 791 2162 argumento
805 2111 1026 2160 elegantem.
1082 2111 1148 2147 An
1163 2123 1242 2147 non
1252 2109 1361 2157 vides,
1376 2109 1438 2157 fili,
1454 2121 1537 2148 tum
1553 2111 1847 2150 eccentricorum

264 2171 302 2206 ὃς
317 2169 575 2217 epicyelorum
590 2168 851 2215 ingeniatores‚
874 2176 957 2203 tum
981 2176 1098 2202 terrae
1127 2168 1278 2214 aurigas,
1302 2177 1417 2213 aequa
1443 2167 1479 2202 ὅ(
1509 2167 1658 2215 ancipiti
1688 2167 1849 2216 phaeno-

263 2234 467 2260 menorum
482 2222 728 2259 advocatione
743 2221 921 2270 gaudere?
949 2219 1100 2258 Prorsus
1128 2219 1176 2257 ita
1205 2223 1241 2257 &
1269 2222 1308 2257 in
1336 2219 1594 2258 universalibus
1622 2220 1776 2258 theoriis
1795 2222 1846 2259 fit.

264 2279 368 2316 Nam
386 2277 501 2314 veluti
521 2275 546 2314 si
561 2277 642 2325 quis
656 2275 782 2325 lingua
797 2284 945 2313 tantum
973 2276 1168 2312 vernacula
1186 2274 1240 2312 uti
1264 2273 1377 2312 sciens
1410 2274 1569 2320 (adverte
1597 2274 1660 2321 fili,
1695 2289 1783 2312 nam
1812 2275 1851 2313 fi-

267 2331 356 2368 mile
372 2329 423 2368 est
438 2332 659 2378 admodum)
682 2330 898 2382 scripturam
915 2331 1037 2380 ignoti
1057 2329 1235 2366 sermonis
1258 2331 1385 2380 capiat,
1409 2329 1472 2365 ubi
1502 2331 1654 2378 paucula
1669 2331 1850 2379 quaedam

267 2386 377 2423 verba
395 2385 540 2435 sparsim
564 2385 760 2423 observans
783 2385 864 2422 suae
885 2383 1031 2435 linguae
1046 2385 1234 2422 vocabu-lis
1262 2383 1359 2421 sono
1384 2386 1419 2420 <Se
1448 2383 1562 2420 literis
1590 2384 1760 2432 finitima,
1787 2387 1851 2424 illa

269 2440 424 2488 quidem
443 2440 560 2478 statim
580 2452 620 2477 ac
634 2440 793 2477 fidenter
807 2439 971 2487 ejusdem
991 2438 1059 2476 effe
1082 2437 1357 2487 fignificationis
1385 2437 1491 2488 ponit
1520 2439 1623 2489 (licet
1643 2441 1688 2476 ab
1717 2451 1757 2477 ea
1780 2439 1850 2476 sae-

269 2496 348 2545 pius
371 2492 585 2544 longissime
601 2493 804 2544 recedant,)
828 2494 950 2544 postea
977 2507 1019 2531 ex
1044 2492 1085 2530 iis
1107 2493 1266 2531 invicem
1287 2493 1430 2530 collatis
1459 2495 1639 2545 reliquum
1670 2496 1851 2531 orationis

270 2548 416 2586 sensum
430 2552 554 2587 multo
567 2550 707 2599 ingenii
723 2550 861 2597 labore,
891 2549 952 2587 sed
972 2551 1007 2585 ὅ(
1024 2549 1141 2585 multa
1156 2547 1333 2594 libertate,
1350 2547 1499 2586 divinat.
1557 2550 1734 2584 Omnino
1760 2550 1850 2586 tales

270 2605 309 2640 ὅ(
324 2601 375 2640 isti
392 2613 539 2642 naturae
554 2607 771 2656 interpretes
784 2603 1035 2642 inveniuntur.
1092 2604 1194 2640 Nam
1210 2603 1310 2640 idola
1325 2602 1476 2654 quisque
1497 2602 1556 2640 sua
1574 2602 1670 2653 (non
1687 2604 1760 2647 jam
1780 2603 1851 2640 sce-

271 2669 341 2695 nae
355 2656 452 2703 dico,
468 2658 527 2695 sed
542 2658 733 2709 praecipue
748 2658 878 2700 fori&
900 2658 1038 2709 specus)
1062 2656 1175 2695 veluti
1202 2657 1344 2706 linguas
1371 2659 1581 2695 vernaculas
1609 2658 1774 2703 diversas,
1804 2658 1849 2695 ad

271 2710 460 2749 historiam
474 2712 679 2760 afferentes,
703 2714 897 2751 confestim
913 2726 1007 2763 quae
1020 2711 1139 2749 simile
1154 2712 1294 2761 aliquid
1311 2711 1455 2759 sonant,
1486 2711 1677 2761 arripiunt,
1709 2723 1851 2750 caetera

272 2779 316 2803 ex
331 2766 468 2803 horum
485 2766 699 2814 symmetria
713 2770 1015 2818 interpretantur.
1071 2768 1199 2815 Atque
1214 2769 1286 2812 jam
1303 2777 1449 2816 tempus
1465 2765 1523 2813 est,
1547 2765 1612 2813 fili,
1636 2776 1677 2802 ut
1707 2778 1777 2803 nos
1799 2780 1851 2803 rc-

275 2822 454 2872 cipiamus
470 2823 505 2857 &
520 2820 717 2872 expiemuS,
741 2832 871 2874 utpote
898 2826 962 2872 qui
988 2833 1064 2859 tam
1092 2822 1247 2871 profana
1267 2825 1303 2859 ὅ(
1335 2823 1478 2872 polluta
1499 2820 1600 2870 (licet
1623 2821 1852 2869 importandi

273 2873 420 2924 animo)
438 2875 758 2914 attrectavcrimus.
789 2880 872 2927 Ego
881 2891 971 2916 vero
980 2876 1145 2914 advertiis
1157 2875 1239 2914 istos
1251 2888 1383 2914 omnes
1399 2878 1542 2912 minora
1557 2887 1666 2924 quam
1678 2888 1745 2925 pro
1763 2875 1853 2926 ipso-

277 2942 359 2967 rum
371 2926 583 2967 sontissimo
598 2940 699 2967 reatu
710 2932 795 2968 dixi.
825 2935 886 2969 Tu
901 2931 1180 2970 tamenfortass'e
1195 2931 1315 2969 minus
1324 2929 1423 2967 istam
1438 2930 1739 2979 redargutionem
1750 2929 1854 2967 inrel-

278 2985 373 3032 ligis.
429 2986 531 3022 Nam
545 2996 615 3036 pro
628 2994 733 3021 certo
748 2986 890 3033 habeas,
919 2988 986 3034 fili,
1011 2987 1210 3024 sententias
1238 2987 1328 3031 istaS,
1354 2996 1442 3032 quas
1460 2984 1630 3021 adversus
1659 2983 1743 3021 istos
1772 2984 1853 3031 tuli,

278 3038 373 3076 nihil
388 3040 512 3076 minus
526 3039 596 3076 effe
608 3051 719 3090 quam
734 3043 1018 3078 contumeliam.
1066 3042 1149 3090 Ego
1164 3041 1265 3078 enim
1280 3051 1359 3076 non
1373 3049 1412 3075 ut
1430 3036 1598 3077 Velleius
1607 3040 1700 3088 apud
1710 3038 1854 3076 Cicero-

277 3104 374 3140 nem,
389 3093 616 3132 declamator
631 3096 666 3132 &
675 3093 892 3146 philologus
903 3095 1100 3145 opiniones
1110 3094 1239 3133 cursim
1249 3093 1396 3143 perstrin
1400 3104 1501 3141 gens,
1514 3094 1674 3142 &magis
1683 3092 1855 3140 abjiciens

677 3159 693 3185 1
1744 3159 1854 3196 quam
