1973 3570
133 243 231 293 166
442 229 1733 286 HISTORIAVITAEETMORTI'S.

268 344 354 374 tum
376 335 418 373 in
438 335 543 382 vino,
570 345 633 373 aut
647 345 741 383 aqu-a
758 333 1008 379 cinnamomi,
1036 341 1098 369 aut
1117 331 1334 378 hujusmodi
1355 333 1543 380 distillate,
1572 331 1634 369 sed
1649 332 1770 380 tenui,
1797 343 1880 371 non

272 391 399 429 calido
424 400 488 428 aut
516 391 621 427 forti.

331 452 395 497 39.
424 445 494 483 DE
526 443 721 483 affectibus
744 444 818 489 jam
839 441 1005 494 superius
1025 439 1245 490 inquisitum
1273 442 1345 479 est·-
1379 442 1476 478 Illud
1499 451 1647 478 tantum
1672 441 1880 489 adjicimus,

274 513 395 541 omne
413 498 636 538 desiderium
650 508 833 548 maffnum
854 500 891 535 &
906 497 1087 543 constans,
1117 499 1155 533 ὅ(
1181 497 1235 543 (ut
1264 498 1487 545 loquuntur)
1518 497 1729 544 heroicum,
1758 497 1882 562 cordis

276 558 433 596 virtutes
453 555 634 593 roborare
654 557 691 591 ὅ(
709 553 914 603 ampliarze
942 552 1074 600 Atque
1093 551 1140 588 de
1159 552 1274 588 corde
1296 551 1482 589 hactenus.

330 621 398 660 40.
429 610 503 647 AD
536 610 733 647 cerebrum
761 608 865 656 quod
893 608 1040 653 attinet,
1071 605 1148 653 (ubi
1176 607 1349 644 cathedra
1378 609 1414 643 δε
1444 604 1656 644 universitas
1685 604 1886 655 spirituum

278 664 499 706 animalium
526 659 682 711 residet)
713 674 807 711 quae
829 662 994 713 superius
1009 659 1180 709 inquisita
1197 660 1293 702 sunt,
1321 662 1368 698 de
1379 663 1472 713 opio
1488 663 1645 698 &nitro
1660 662 1698 698 ὅ(
1719 659 1888 699 subordi-

279 722 377 759 natis
395 721 440 758 ad
457 718 543 768 ipsa,
573 722 610 756 δε
636 718 682 754 de
705 718 974 754 conciliatione
1002 715 1127 753 somni
1147 717 1296 767 placidi,
1326 718 1439 753 etiam
1460 717 1532 754 huc
1555 716 1788 764 aliquatenus
1810 715 1888 765 spe·

279 777 393 814 itant.
449 774 546 811 Illud
574 785 727 821 quoque
752 782 910 817 certum,
939 772 1135 807 cerebrum
1165 780 1346 818 tanquam
1374 773 1415 807 in
1437 772 1554 808 tutela
1582 770 1761 808 stomachi
1790 771 1887 813 effe3

280 831 445 878 ideoque
470 840 564 876 quae
586 826 819 864 stomachum
834 824 1053 863 confortant
1082 827 1120 862 ὅ(
1147 827 1339 872 muniunt,
1369 827 1563 863 cerebrum
1583 837 1648 874 per
1662 824 1888 863 consensum

284 886 426 932 juvant,
465 892 576 930 atque
603 882 677 919 huc
705 879 871 917 {imiliter
899 878 1091 916 transferri
1119 878 1271 916 debent.
1328 879 1561 925 Adjiciemus
1583 891 1710 930 pauca,
1738 881 1809 917 tria
1831 893 1888 919 ex-

284 949 404 985 terna,
434 938 629 974 internum
653 947 784 972 unum.

338 1003 405 1042 41.
436 992 837 1028 BALNEAnoNEM
861 989 1002 1041 pedum
1025 990 1190 1026 omnino
1216 990 1256 1026 in
1285 988 1351 1026 usu
1381 990 1450 1027 effe
1470 992 1658 1036 volumus,
1685 989 1731 1027 ad
1751 991 1892 1037 minus,

283 1046 399 1085 semel
421 1047 461 1083 in
482 1044 711 1096 septimana3
740 1046 993 1092 balneumque
1014 1043 1095 1081 ficri
1125 1056 1168 1080 ex
1193 1045 1336 1091 lixivio,
1365 1057 1453 1082 cum
1475 1045 1545 1081 sale
1570 1046 1684 1094 nigro
1709 1046 1747 1082 &
1769 1044 1891 1092 salvia,

285 1102 559 1147 chamaemelo,
586 1101 795 1146 foeniculo,
825 1098 1042 1150 sampsucho
1062 1100 1099 1136 ὅ(
1118 1097 1233 1146 costo,
1263 1111 1350 1136 cum
1365 1099 1467 1137 foliis
1486 1100 1674 1149 angelicae
1693 1099 1833 1137 viridis.

339 1167 408 1206 42.
440 1157 699 1193 SUFFITUM
732 1154 927 1192 laudamus
962 1155 1076 1191 etiam
1107 1154 1374 1202 quotidianum
1409 1167 1532 1201 mane,
1575 1167 1618 1192 ex
1655 1157 1894 1193 roremarino

287 1210 408 1258 arido,
437 1211 589 1248 ramulis
616 1208 709 1248 lauri
737 1208 850 1256 ficcis,
880 1211 917 1246 &
943 1209 1054 1258 ligno
1080 1210 1207 1249 alo'es3
1236 1221 1325 1246 nam
1353 1212 1500 1259 gummi
1527 1209 1647 1247 suavia
1674 1219 1783 1259 caput
1815 1222 1894 1261 gra-

287 1277 388 1305 vant.

342 1331 410 1372 43.
445 1321 730 1360 CAvENmJM
758 1318 920 1371 prorsuS,
949 1331 998 1356 ne
1031 1319 1141 1369 capiti
1165 1331 1230 1370 per
1257 1321 1417 1357 exterius
1447 1319 1717 1357 admoveantur
1743 1319 1861 1357 calida
1880 1338 1896 1363 5

290 1377 415 1425 qualia
445 1375 531 1413 sunt
558 1385 738 1422 aromata,
767 1387 848 1412 non
876 1385 1027 1425 excepta
1054 1384 1152 1410 nuce
1181 1373 1396 1410 molchata:
1434 1373 1586 1411 Etenim
1611 1374 1730 1410 calida
1758 1375 1822 1412 illa
1849 1377 1895 1412 ad

292 1432 436 1482 plantas
457 1431 598 1482 pedum
612 1429 906 1481 praecipitamus,
935 1429 1063 1476 ibique
1078 1427 1201 1465 tolum
1222 1429 1397 1479 applicari
1414 1430 1598 1467 volumus.
1655 1428 1895 1468 Unctionem

291 1497 386 1524 vero
413 1483 541 1535 capitis
568 1486 692 1523 levem
720 1496 763 1521 ex
788 1485 893 1530 oleo,
930 1494 1020 1520 cum
1044 1481 1128 1520 rosa
1150 1484 1188 1519 &
1215 1493 1356 1532 myrto,
1386 1486 1423 1521 ὃς
1445 1495 1578 1533 parum
1606 1481 1689 1520 salis
1717 1486 1755 1521 ὃ(
1779 1487 1896 1533 croci,

292 1541 497 1579 laudamus

349 1606 417 1645 44.
449 1595 693 1632 MEMoREs
717 1604 864 1640 eorum,
893 1602 988 1642 quae
1015 1591 1063 1629 de
1086 1593 1220 1642 opiatis
1236 1595 1273 1631 ὅ(
1294 1593 1412 1640 nitro,
1441 1595 1476 1630 ὃ(
1492 1591 1683 1641 fimilibus,
1711 1603 1799 1631 ante
1813 1605 1898 1644 pro—

296 1648 542 1703 posuerimus,
570 1661 665 1699 quae
679 1648 829 1701 spiritus
847 1658 1045 1697 tantopere
1063 1647 1231 1695 densant,
1260 1660 1342 1685 non
1356 1648 1603 1686 existimamus
1617 1649 1679 1686 abs
1699 1660 1739 1685 re
1754 1649 1847 1697 fore,
1876 1648 1903 1688 fi

296 1705 412 1743 semel
439 1705 570 1741 diebus
592 1704 891 1753 quatuordecim,
920 1703 1147 1754 accipiantur
1172 1704 1212 1740 in
1234 1704 1372 1740 brodio
1398 1705 1589 1741 matutino
1621 1715 1736 1754 grana
1755 1706 1827 1741 tria
1840 1706 1901 1743 vel

297 1771 460 1809 quatuor
476 1760 640 1805 castorei,
669 1768 756 1795 cum
771 1759 929 1795 modico
954 1757 1106 1794 seminis
1125 1759 1313 1806 angelicae
1339 1760 1375 1795 &
1401 1760 1532 1795 calami
1556 1759 1777 1800 aromatici3
1805 1771 1900 1808 quae

297 1819 337 1853 ὅ(
372 1814 447 1866 ipsa
482 1815 679 1851 cerebrum
716 1813 899 1850 roborant
941 1815 977 1850 ὃς
1019 1813 1060 1849 in
1096 1810 1274 1850 densitate
1301 1813 1518 1851 substantiae
1547 1813 1755 1863 spirituum,
1795 1815 1903 1863 (quae

296 1870 344 1907 ad
370 1869 466 1907 vitae
488 1870 780 1918 longaevitatem
803 1878 881 1905 tam
908 1866 1104 1904 neceflaria
1133 1867 1208 1916 cst,)
1245 1879 1373 1906 motus
1395 1867 1629 1907 vivacitatem
1664 1870 1701 1906 &
1728 1870 1902 1919 vigorem

297 1922 471 1963 excitant.

353 1988 422 2027 45.
452 1980 506 2016 IN
541 1978 804 2016 confortativis
840 1986 1003 2027 quatuor
1036 1974 1218 2015 viscerum
1251 1976 1513 2029 principalium
1548 1990 1590 2016 ea
1621 1978 1901 2028 proposuimus,

302 2045 398 2082 quae
418 2035 455 2070 ὅ(
469 2035 619 2084 propria
637 2033 733 2080 sunt,
762 2042 873 2082 atque
889 2033 1016 2079 eledia,
1044 2042 1156 2081 atque
1181 2034 1221 2070 in
1244 2034 1404 2073 diaetam
1428 2036 1464 2070 δ(
1485 2035 1655 2083 regimen
1669 2033 1763 2071 vitae
1790 2035 1905 2072 trans-

301 2089 404 2134 ferri,
431 2097 518 2125 tuto
537 2091 574 2125 ὅ(
589 2089 794 2125 commode
812 2088 961 2139 possunt
979 2101 986 2124 :
1015 2088 1183 2127 Varietas
1199 2090 1303 2124 enirn
1323 2089 1700 2135 medicamentorum,
1728 2090 1904 2138 ignoran-

301 2144 375 2180 tiae
393 2141 469 2179 filia
492 2142 566 2183 ests
595 2155 719 2192 neque
741 2144 861 2180 multa
883 2143 1034 2189 fercula,
1065 2142 1183 2191 (quod
1206 2144 1323 2192 aiunt)
1346 2154 1426 2180 tam
1450 2146 1593 2181 multos
1619 2144 1779 2181 morbos
1808 2143 1904 2182 sece-

301 2211 354 2244 re,
391 2209 506 2245 quam
534 2199 653 2235 multa
685 2196 960 2235 medicamenta
983 2209 1114 2248 paucas
1142 2210 1257 2235 curas.
1316 2198 1447 2247 Atque
1475 2199 1521 2235 de
1550 2200 1770 2249 operatione
1797 2198 1905 2251 super

302 2251 440 2293 viscera
453 2253 686 2303 principalia,
715 2253 761 2290 ad
781 2251 1031 2291 extrufionem
1047 2252 1229 2300 alimenti,
1257 2254 1347 2292 haec
1361 2251 1529 2301 inquisita
1545 2253 1640 2290 sunt.

370 2480 626 2559 Operatio
650 2483 823 2562 sicper
844 2494 1034 2563 partes
1062 2481 1346 2537 exteriores
1375 2481 1460 2537 ad
1488 2481 1865 2540 attraHionem

905 2565 1154 2623 alimenti
1200 2566 1285 2622 VI
1289 2609 1300 2623 0

1018 2755 1208 2810 Historia.

321 2908 354 2935 Ι.
469 2894 608 2934 ICET
635 2896 836 2935 concoeiio
860 2897 973 2945 bona,
1001 2910 1068 2950 per
1090 2909 1212 2950 partes
1226 2899 1426 2938 interiores
1440 2900 1542 2947 facta,
1571 2902 1707 2949 primas
1726 2910 1847 2950 partes
1866 2902 1911 2939 ad

496 2951 654 3002 probam
664 2950 989 2990 alimentationem
1002 2964 1144 2995 teneat3
1160 2965 1288 2992 tamen
1298 2967 1520 2992 concurrere
1530 2957 1642 2991 ctiam
1653 2956 1791 2992 debent
1803 2956 1912 2993 afflo-

317 3018 382 3044 nes
409 3008 571 3058 partium
592 3007 843 3048 exteriorum3
871 3018 912 3045 ut
932 3005 1021 3045 ficut
1044 3009 1196 3046 facultas
1219 3011 1379 3047 interior
1402 3010 1624 3046 alimentum
1640 3012 1779 3047 emittit
1797 3013 1833 3047 &
1857 3023 1913 3048 ex·

316 3062 457 3105 trudit5
484 3062 535 3101 ita
563 3061 716 3102 facultas
744 3063 907 3114 partium
935 3063 1168 3102 exteriorum
1196 3062 1295 3101 idem
1319 3063 1465 3115 arripiat
1495 3066 1529 3102 δε
1555 3065 1733 3106 attraham
1762 3077 1913 3113 quoque

1685 3121 1911 3157 imbecillior
