1973 3570
79 241 200 311 306*

255 354 390 391 attinet
421 353 545 403 (prout
561 346 724 388 asseritur
740 348 785 384 ab
801 344 1023 396 Arf'stotele)
1055 347 1157 396 quod
1171 348 1288 384 calida
1302 359 1384 384 non
1402 341 1488 393 sint,¹
1514 359 1562 384 ne
1578 348 1677 386 forte
1693 349 1891 398 sequatu'rf

254 409 502 458 conflagratio
517 403 735 451 Heracliti,
765 401 826 438 scd
850 403 953 448 quod
978 403 1194 439 calefaciant
1210 414 1275 451 per
1291 403 1478 448 accidens,
1502 404 1737 441 conterendo
1753 399 1870 451 &di-v
1888 411 1891 413 “

253 455 489 502 verberando
504 464 647 501 aei-enm
676 458 862 496 nescimus
878 458 969 505 quid
991 455 1057 494 sibi
1081 459 1170 494 velit
1186 457 1401 503 hujusmodi
1419 456 1584 500 desertor
1600 453 1875 511 expei‘ient'iae‚5

251 519 367 568 idque
387 528 518 556 contra
533 514 756 554 consensum
772 522 954 551 veterum.
1012 513 1083 549 Sed
1100 513 1139 548 in
1164 513 1234 549 illo
1253 514 1414 550 minime
1435 523 1578 549 novum
1599 513 1659 560 est,
1689 524 1730 551 ut
1743 519 1890 567 unum]

256 573 396 623 aliquid
421 574 466 610 ab
496 570 720 624 experientia
749 569 916 616 abripiat,
946 571 983 605 ὃ(
1014 567 1132 604 statim
1162 578 1315 604 naturae
1345 567 1510 612 insultet,
1539 566 1865 620 pufilIanimussffj
1885 592 1894 596 ⁴>

257 631 340 672 mul
369 631 407 666 &
433 629 561 666 audax.
617 628 762 664 Verum
792 623 839 660 de
869 623 943 659 hoc
969 635 1060 659 mox
1089 623 1256 660 dicemus
1284 623 1324 658 in
1364 620 1590 671 quaestione,
1621 621 1891 675 utrumssastgjci'

259 682 330 721 sint
352 683 429 721 veri
452 684 574 733 ignes?
603 679 724 718 Fusius
749 690 841 715 vero
874 680 911 714 ὃς
938 679 1141 715 accuratius
1164 679 1204 714 in
1227 674 1389 714 consiliis
1412 677 1543 714 nostris
1565 679 1661 714 circa
1675 674 1888 728 historissfffi'„

260 728 457 785 virtutum>
486 739 550 774 ubi
579 734 742 784 origines
767 736 803 770 ὃς
829 733 1012 770 cunabula
1035 731 1194 769 calidi&
1214 732 1341 781 frigidi
1366 730 1613 777 traciabimus,
1642 729 1894 782 mortalibus]-

261 794 383 831 adhuc
405 794 598 841 incognita
619 793 656 827 ὃ(
679 789 828 825 intaeta.
880 787 1011 835 Atque
1036 787 1199 834 quaestio
1227 787 1273 824 de
1303 786 1553 837 heterogenea
1577 785 1894 836 coelestiumjardss,

263 849 365 886 hunc
389 847 549 884 modum
576 841 762 894 proposita
786 841 838 878 fit.
894 843 1086 878 Damnare
1112 843 1216 877 enim
1243 840 1465 878 sententiam
1481 839 1708 891 Aristotelis
1731 840 1889 895 absque]

261 900 675 952 comperendinatione,
724 910 781 934 res
809 897 956 934 fortaffe
984 895 1155 946 postulat,
1196 895 1257 933 sed
1287 895 1455 934 nostrum
1493 909 1574 933 non
1600 900 1739 947 patitur
1768 899 1888 946 instil‘

258 968 397 996 tutum.
1806 954 1811 961 ’
1829 952 1841 974 5¹
1853 949 1865 963 ³

313 1013 535 1049 ALTERA*
552 1010 780 1060 proponitur
795 1006 970 1056 quaestio,
999 1006 1108 1054 quale
1124 1004 1164 1042 fit
1181 1015 1406 1043 contentum
1428 1005 1632 1055 spatiorum
1657 1005 1884 1058 interstel'l'ass

261 1070 379 1105 rium?
408 1067 475 1104 Illa
489 1067 595 1102 enim
616 1074 679 1102 aut
698 1075 811 1101 vacua
834 1062 931 1108 sunt,
961 1061 1064 1109 quod
1088 1059 1289 1098 Gilbertus
1305 1059 1423 1108 sensit,
1454 1071 1516 1097 aut
1531 1063 1671 1112 repleta
1694 1056 1870 1114 corpore,

262 1123 366 1171 quod
396 1120 438 1158 sit
466 1121 512 1157 ad
541 1121 628 1157 astra
656 1119 765 1156 instar
794 1118 886 1154 aeris
922 1116 968 1153 ad
995 1116 1206 1157 flammam3
1258 1117 1362 1164 quod
1391 1117 1626 1153 familiariter
1654 1120 1801 1165 accedit
1823 1121 1881 1162 ‘ad'

260 1177 426 1221 sentium
455 1175 515 1213 vel
536 1177 676 1224 repleta
691 1185 851 1222 corpore
872 1172 1116 1220 homogeneo
1141 1183 1228 1208 eum
1242 1169 1323 1220 ipsis
1346 1170 1456 1217 astris,
1485 1172 1614 1208 lucido
1637 1174 1674 1209 ὃ(
1689 1171 1887 1222 quodam-a¹

262 1233 384 1270 rnodo
416 1243 608 1280 empyreo,
639 1229 700 1266 sed
730 1228 934 1265 secundum
960 1229 1097 1272 minus,
1127 1227 1219 1264 lucis
1247 1225 1385 1264 scilicet
1409 1238 1489 1263 non
1514 1237 1591 1263 tam
1621 1229 1884 1279 praefulgidae*>

264 1290 302 1325 &
324 1288 520 1326 vibrantis:
549 1285 588 1322 id
618 1284 721 1334 quod
745 1282 810 1320 fibi
830 1283 926 1320 velle
949 1280 1093 1320 videtur
1123 1291 1268 1333 recepta
1292 1283 1438 1330 opinio,
1467 1281 1570 1330 quod
1599 1282 1697 1319 stella
1721 1282 1763 1329 fit
1789 1282 1877 1335 pars*

264 1341 413 1380 denfior
438 1341 607 1391 sphaerae
631 1340 725 1377 suae.
782 1338 892 1376 Nihil
913 1348 1036 1374 autem
1054 1332 1174 1373 officit
1189 1333 1407 1384 quominus
1430 1337 1598 1373 lucidum
1618 1335 1660 1374 fit
1689 1336 1872 1391 Diapha-

262 1409 353 1435 mtm
376 1398 421 1434 ad
443 1395 770 1433 transmittendam
791 1394 916 1430 lucem
939 1390 1055 1440 magis
1070 1392 1221 1446 fortem.
1279 1392 1384 1428 Nam
1409 1402 1515 1428 acute
1540 1394 1687 1429 notavit
1711 1390 1877 1444 Telefus

265 1452 377 1489 etiam
399 1453 524 1488 aerem
541 1461 790 1487 communem
811 1449 1009 1484 continere
1032 1445 1171 1494 aliquid
1194 1444 1233 1482 in
1258 1445 1294 1482 se
1318 1447 1420 1491 lucis,
1451 1459 1498 1483 eo
1521 1446 1604 1482 usus
1633 1450 1872 1498 argumento,

264 1509 369 1556 quod
397 1506 466 1543 fint
492 1505 673 1553 quaedam
698 1504 885 1548 animalia,
914 1513 1008 1549 quae
1032 1502 1148 1538 noCtu
1176 1501 1317 1547 vident,
1348 1513 1513 1549 quorum
1544 1502 1682 1539 seilicet
1701 1503 1798 1548 visus
1825 1504 1873 1545 ad

264 1574 419 1600 tenuem
458 1559 672 1605 hujusmodi
712 1561 836 1596 lucem
874 1557 1128 1605 recipiendam
1162 1559 1198 1594 ὃς
1233 1555 1436 1593 fovendam
1470 1555 1512 1593 fit
1550 1559 1876 1606 proportionatus-

265 1621 371 1658 Nam
398 1617 521 1653 aCtum
549 1613 640 1652 lucis
668 1613 805 1662 absque
833 1613 908 1650 ulla
943 1613 1037 1658 luce,
1066 1612 1125 1649 vel
1150 1624 1193 1648 ex
1222 1610 1296 1661 ipsa
1315 1610 1460 1660 spiritus
1480 1609 1590 1649 vifivi
1613 1614 1696 1650 luce
1724 1612 1874 1652 interna

265 1674 345 1712 fieri
367 1674 491 1708 minus
513 1670 693 1707 credibile
717 1669 797 1706 ess'e.
855 1668 927 1706 Sed
951 1669 989 1704 ὃ(
1012 1667 1164 1704 flamma
1187 1667 1262 1717 ipsa
1284 1667 1466 1716 diaphana
1489 1665 1728 1716 conspicitur,
1758 1671 1875 1708 etiam

264 1730 311 1766 ad
339 1725 667 1764 transmittendam
698 1724 858 1775 speciem
891 1724 1058 1772 corporis
1086 1724 1206 1772 opaci,
1244 1731 1284 1759 ut
1312 1723 1352 1759 in
1377 1722 1448 1759 filis
1478 1724 1717 1760 lucernarum
1753 1728 1874 1776 pate‘ss

266 1785 392 1821 multo
416 1782 533 1831 magis
553 1780 600 1817 ad
619 1778 949 1817 traniinittendam
965 1778 1126 1829 speciem
1157 1777 1249 1815 lucis
1278 1775 1502 1814 intensior-is.
1558 1778 1681 1814 Etiam
1703 1791 1746 1816 cx
1767 1780 1874 1823 'fiam‘->

266 1841 339 1876 mis
363 1839 455 1874 aliae
477 1838 556 1873 aliis
580 1835 664 1873 sunt
693 1834 968 1884 pellucidiores.
1024 1833 1141 1882 quue
1164 1834 1297 1870 accidit
1326 1834 1389 1870 vel
1410 1845 1452 1869 ex
1476 1842 1609 1869 natura
1623 1835 1793 1883 corporis
1818 1834 1875 1875 iii-⁴

265 1894 449 1932 flammati
465 1893 523 1930 vel
553 1904 595 1928 ex
617 1892 736 1941 copia.
767 1916 769 1918 -
793 1891 897 1927 Nam
925 1888 1076 1925 flamma
1104 1888 1190 1934 sevi,
1219 1897 1282 1926 aut
1316 1899 1420 1924 cerae
1448 1889 1566 1937 magis
1594 1886 1783 1928 luminosa
1812 1890 1874 1940 eff,

268 1952 306 1986 δε
337 1947 376 1994 (si
397 1950 447 1985 ita
472 1948 579 1996 loqui
594 1944 698 1995 licet)
729 1943 844 1994 magis
868 1943 988 1993 ignea,
1019 1953 1055 1980 at
1083 1943 1236 1980 flamma
1268 1943 1415 1992 spiritus
1429 1944 1509 1981 vini
1534 1945 1654 1993 magis
1682 1944 1876 1995 opaca4'‘&

266 2015 448 2052 tanquam
477 2007 593 2048 aerea,
635 2000 850 2053 praesertim
880 1997 906 2036 fi
934 2000 974 2036 in
1009 2011 1120 2050 parva
1148 1996 1189 2035 sit
1218 1999 1439 2047 quantitate,
1477 2008 1520 2036 ut
1538 1998 1691 2036 flamma
1719 1998 1874 2052 seipsam

269 2072 351 2096 non
377 2057 548 2107 inspiss'et.
604 2056 660 2093 At
677 2068 747 2093 nos
762 2055 870 2100 hujus
893 2053 945 2092 rei
969 2056 1083 2090 etiam
1106 2052 1405 2103 experimentum
1427 2053 1604 2096 fecimus3
1631 2053 1876 2094 videlicetac-

269 2116 449 2164 cipientes
477 2112 673 2149 candelam
703 2122 861 2157 ceream,
899 2121 1059 2157 eamque
1091 2110 1131 2146 in
1160 2107 1264 2146 fitula
1288 2110 1473 2157 erigentes
1504 2106 1620 2156 (situla
1651 2109 1794 2148 idcirco
1823 2108 1876 2149 ufi

268 2170 467 2214 metallica,
496 2177 537 2205 ut
567 2178 702 2216 corpus
725 2166 900 2202 candelae
929 2177 948 2201 a
966 2164 1130 2211 flamma,
1159 2176 1253 2212 quae
1277 2162 1612 2201 circumfundenda
1640 2176 1730 2211 erat,
1758 2167 1876 2218 pofi'et

269 2225 425 2271 muniri)
463 2220 609 2260 situlam
638 2223 793 2259 veroin
822 2230 946 2270 patera
967 2220 1034 2256 ubi
1058 2229 1136 2256 erat
1168 2232 1302 2271 parum
1331 2217 1475 2268 spiritus
1501 2221 1593 2266 vini,
1630 2221 1875 2270 collocantes,

267 2291 426 2327 tumque
450 2280 577 2327 primo
599 2277 805 2322 candelam,
836 2275 971 2312 deinde
1001 2274 1172 2324 spiritum
1196 2275 1273 2312 vini
1288 2274 1550 2316 accendentes3
1580 2275 1644 2312 ubi
1670 2275 1778 2313 facile
1797 2276 1876 2323 erat

268 2346 421 2372 cernere
441 2334 633 2370 flammam
658 2331 832 2368 candelae
853 2329 1111 2368 coruscantem
1136 2332 1173 2379 ὃς
1201 2329 1396 2367 candidam
1421 2341 1486 2378 per
1508 2330 1679 2367 medium
1701 2330 1877 2374 flamiriae

268 2389 413 2439 spiritus
433 2390 511 2426 vini
541 2388 713 2424 infirmae
736 2389 774 2424 ὃς
799 2384 985 2435 vergentis
1008 2385 1054 2422 ad
1074 2384 1313 2434 diaphanum.
1369 2384 1500 2432 Atque
1528 2386 1606 2434 pari
1630 2385 1777 2429 ratione
1800 2385 1876 2430 cei?-

270 2455 414 2483 nuntur
430 2443 568 2495 saepius
582 2455 647 2493 per
675 2442 826 2479 coelum
854 2441 976 2478 trabes
1000 2438 1142 2477 lucidae
1165 2441 1290 2477 lucem
1317 2437 1548 2476 manifestam
1576 2452 1619 2477 ex
1647 2439 1684 2477 se
1699 2439 1876 2491 praeben-

265 2510 338 2546 tes,
368 2502 405 2536 &
419 2499 588 2535 tenebras
603 2496 722 2535 noctis
736 2495 929 2546 insigniter
951 2494 1188 2535 illustrantess
1216 2506 1282 2543 per
1304 2506 1464 2542 quarum
1487 2506 1646 2547 corpora
1664 2505 1793 2534 tamen
1816 2497 1876 2536 da-

269 2565 332 2592 tur
361 2554 574 2603 conspicere
594 2553 692 2591 astra.
750 2552 936 2589 Attamen
964 2550 1026 2587 ista
1053 2551 1294 2598 inaequalitas
1317 2549 1438 2586 stellae
1461 2547 1671 2587 &aetheris
1698 2550 1876 2590 interstel-

269 2611 356 2648 laris
382 2620 463 2644 non
487 2609 583 2646 bene
607 2608 784 2646 definitur
807 2619 872 2656 per
900 2616 1013 2643 tenue
1042 2607 1078 2642 &
1098 2604 1267 2651 densum,
1298 2615 1338 2642 ut
1359 2603 1459 2641 stella
1488 2604 1624 2642 scilieet
1645 2603 1687 2642 fit
1715 2605 1877 2656 denfior,

270 2664 398 2703 aether
424 2665 588 2700 tenuior.
644 2665 747 2701 Nam
781 2659 1003 2712 generaliter
1025 2659 1087 2697 hie
1111 2659 1209 2711 apud
1232 2672 1300 2697 nos
1315 2659 1468 2697 flamma
1482 2665 1564 2697 aere
1579 2660 1627 2696 est
1642 2671 1776 2709 corpus
1794 2661 1875 2701 sub-

270 2720 385 2764 tilius,
412 2719 541 2766 magis,
571 2720 739 2766 inquam,
768 2717 982 2769 expansum,
1013 2716 1190 2753 &minus
1209 2714 1348 2752 habens
1367 2716 1544 2752 materiae
1557 2727 1627 2766 pro
1641 2714 1757 2767 spatio
1771 2718 1877 2766 quod

272 2782 448 2825 θεωρίης
477 2773 581 2820 quod
600 2775 713 2810 etiam
730 2775 771 2810 in
796 2771 1016 2809 coelestibus
1038 2768 1210 2808 obtinere
1223 2770 1418 2820 probabile
1443 2770 1501 2807 est.
1557 2770 1702 2808 Durior
1715 2770 1878 2812 veroest

274 2842 391 2876 error,
420 2825 446 2864 fi
466 2827 608 2865 stellam
637 2827 807 2876 sphaerae
830 2837 976 2876 partem
999 2825 1068 2863 effe
1091 2826 1305 2875 intelligant
1333 2825 1448 2871 veluti
1470 2825 1576 2862 clavo
1603 2824 1725 2873 fixam,
1756 2824 1793 2864 ὃ(
1820 2839 1876 2866 ae-

274 2886 377 2923 thera
398 2881 521 2920 stellae
552 2881 733 2919 deferens.
788 2884 873 2920 Hoc
904 2880 1208 2931 enimlfietitium
1246 2880 1439 2930 quiddam
1463 2879 1512 2917 est
1549 2880 1876 2928 quemadmodum

274 2943 314 2978 &
338 2939 492 2977 orbium
510 2938 839 2986 contiguatioilla,
867 2948 960 2985 q-uae
978 2934 1207 2974 describitur.
1263 2937 1368 2975 Nam
1395 2945 1529 2986 corpus
1551 2934 1673 2974 stellae
1700 2934 1741 2974 in
1768 2936 1876 2984 cursu

250 2994 344 3032 .suo
371 3004 433 3031 aut
462 2992 609 3030 aethera
637 2990 744 3037 secat,
772 3002 835 3028 aut
865 2993 902 3028 ὃς
929 2991 1055 3030 aether
1078 2991 1153 3043 ipse
1176 2989 1275 3028 rota‘t
1295 2988 1404 3028 fimul
1431 2986 1641 3039 aequaliter.
1701 2992 1749 3029 Si,
1774 2990 1876 3036 enim

273 3050 515 3101 inaequaliter
538 3056 648 3092 rotet,
678 3047 792 3082 etiam
816 3046 957 3083 stellam
977 3046 1097 3083 secare
1119 3046 1266 3083 aethera
1291 3043 1433 3082 ncceffe
1454 3043 1514 3082 est.
1572 3045 1721 3084 Fabi-ica
1748 3056 1876 3085 autem

246 3131 248 3133 -
270 3106 336 3142 illa
365 3103 516 3142 orbium
539 3103 824 3151 contiguorum,
855 3111 895 3138 ut
919 3112 1127 3138 concavum
1151 3099 1342 3145 citerioris
1363 3099 1468 3148 ¹orbis
1489 3091 1641 3151 recipiat
1665 3113 1875 3151 convexum

269 3157 473 3206 interioris,
503 3161 539 3195 δε
561 3168 689 3195 tamen
717 3165 870 3208 propter
893 3155 1083 3195 laevorem
1105 3154 1298 3205 utriusque
1312 3155 1403 3193 alter
1424 3155 1582 3192 alterum
1606 3157 1646 3193 in
1669 3153 1876 3206 conversio-

1764 3209 1873 3249 nibus

700 3255 722 3270 ’a
