1973 3570
98 217 201 286 3⁶4

480 209 592 258 DE
638 206 1160 254 SAPIENTIA
1214 206 1679 253 VETERUM.

283 309 430 360 ignem,
459 306 666 358 lympham,
693 306 787 349 feras
817 305 853 343 se
878 312 1023 343 vertere
1040 306 1209 347 solebat3
1239 306 1364 344 donec
1390 307 1544 344 tandem
1564 307 1603 344 in
1619 300 1808 356 pristinam
1826 299 1900 346 for-

287 375 393 402 mam
413 362 669 401 restitueretur.
728 359 860 400 Sensus
886 360 1030 399 fabulae
1059 362 1105 398 ad
1128 360 1251 398 abdita
1278 372 1430 399 naturae
1455 361 1756 399 &conditiones
1776 372 1898 400 ’mate-

288 421 365 459 riae
380 417 564 468 pertinere
582 417 739 455 videtur.
799 415 877 453 Sub
897 413 1040 454 Protei
1054 416 1158 453 enim
1186 416 1343 467 persona
1371 418 1526 453 materia
1559 412 1901 465 fignificaturjsom-

288 473 398 514 nium
428 485 553 511 rerum
574 470 654 524 post
683 473 811 509 Deum
839 467 1102 522 antiquiffima.
1159 471 1319 509 Materia
1341 481 1468 509 autem
1510 471 1576 508 sub
1609 470 1704 508 coeli
1732 468 1903 511 concavo

288 540 469 580 tanquam
493 528 559 566 sub
582 527 691 579 specu
719 527 872 564 habitat.
931 523 1113 578 Neptuni
1140 536 1268 563 autem
1300 525 1528 577 mancipium
1557 526 1616 573 est,
1659 525 1743 577 quia
1774 522 1902 564 omnis

290 582 467 623 materiae
487 580 658 635 operatio
687 584 723 619 &
746 580 971 630 dispensatio
994 581 1033 619 in
1053 580 1200 633 liquidis
1225 580 1416 633 praecipue
1440 589 1642 618 exercetur.
1698 582 1812 619 Pecus
1834 576 1902 618 va‘u-

292 651 371 678 tem
399 636 470 678 five
491 651 575 689 grex
599 635 754 684 Protei,
784 649 865 673 non
884 635 981 674 aliud
1005 638 1153 674 videtur
1181 636 1261 683 elie,
1291 648 1403 687 quam
1433 636 1569 687 species
1597 634 1800 673 ordinariae
1826 635 1902 673 ani-

290 693 461 741 malium,
497 694 726 744 plantarum,
760 693 1016 737 metallorum,
1052 691 1092 728 in
1127 690 1258 739 quibus
1287 690 1438 728 materia
1465 692 1611 728 videtur
1648 690 1683 727 se
1721 689 1904 728 diffunde-

291 762 336 787 re
357 751 392 786 &
412 747 510 800 quasi
529 746 772 787 consumeres
802 746 896 783 adeo
915 756 957 783 ut
986 747 1180 796 postquam
1210 745 1285 782 istas
1305 745 1438 797 species
1469 743 1661 791 affinxerit,
1692 745 1905 783 &absolve-

291 807 343 842 rit
370 803 560 854 (tanquam
587 800 703 852 penso
731 801 939 851 completo)
963 800 1127 838 dormire
1151 802 1188 837 ὅ(
1207 800 1391 851 quiescere
1410 801 1587 846 videatur,
1617 813 1686 837 nec
1714 801 1801 837 alias
1829 812 1905 838 am-

294 857 392 909 plius
407 856 539 906 species
558 854 697 901 moliri,
727 865 871 892 tentare
898 865 960 892 aut
976 867 1113 905 parare.
1168 854 1299 903 Atque
1318 855 1409 892 haec
1431 857 1479 892 cst
1503 854 1644 894 Protei
1666 857 1810 907 pecoris
1836 867 1905 892 nu-

294 911 468 959 meratio,
498 913 535 948 &
564 909 718 946 subinde
748 909 913 948 somnus.
969 912 1054 948 Hoc
1082 919 1209 946 autem
1240 909 1306 946 sub
1323 911 1534 957 meridiem,
1564 923 1645 947 non
1666 921 1838 947 auroram
1868 912 1906 948 &

294 967 503 1019 vesperum,
537 965 616 1002 fieri
632 963 779 1011 dieitur,
808 964 848 1001 id
869 965 929 1012 est,
959 977 1049 1002 cum
1069 975 1218 1016 tempus
1247 965 1321 1011 jam
1349 965 1500 1012 venerit,
1528 966 1629 1016 quod
1654 964 1836 1016 speciebus
1863 977 1906 1003 ex

296 1023 453 1059 materia
482 1018 606 1058 debite
625 1030 835 1072 praeparata
871 1021 909 1058 ὅ(
935 1017 1191 1070 praedispofita
1214 1020 1446 1072 perficiendis
1477 1023 1513 1058 ὃς
1556 1020 1794 1057 excludendis
1823 1031 1907 1072 >ma·

294 1087 426 1115 turum
457 1074 512 1124 fit,
543 1077 579 1114 ὅ(
607 1073 707 1125 quasi
735 1076 962 1124 legitimum,
990 1077 1027 1112 ὅ(
1054 1075 1152 1112 inter
1182 1074 1395 1112 rudimenta
1416 1087 1545 1112 earum
1578 1077 1614 1112 ὅς
1642 1074 1909 1112 declinationes

295 1130 493 1172 medium3
522 1130 626 1181 quod
653 1142 724 1167 nos
751 1129 836 1167 satis
857 1129 988 1168 scimus
1005 1143 1047 1167 ex
1062 1129 1211 1167 historia
1230 1129 1327 1167 sacra
1347 1130 1414 1168 sub
1428 1140 1577 1183 tempus
1603 1129 1724 1182 ipsum
1752 1128 1908 1167 creatio-

296 1186 355 1224 nis
369 1185 494 1227 fuiffe5
526 1196 610 1222 tum
625 1184 726 1222 enim
756 1197 819 1235 per
839 1184 1014 1222 virtutem
1037 1185 1140 1222 illam
1169 1184 1287 1222 divini
1313 1185 1414 1223 verbi
1446 1186 1651 1234 (producat)
1683 1183 1836 1222 materia
1862 1184 1910 1222 ad

296 1240 500 1291 imperium
529 1239 732 1287 Creator-is,
761 1252 844 1277 non
866 1253 930 1292 per
959 1242 1130 1290 ambages
1160 1240 1250 1288 suas,
1287 1240 1349 1277 sed
1380 1239 1503 1278 subito
1536 1239 1727 1287 confluxit,
1757 1242 1795 1277 δί
1815 1251 1913 1291 opus

297 1296 409 1334 suum
437 1295 475 1334 in
504 1296 629 1333 adum
654 1295 798 1333 affatim
814 1295 982 1347 perduxit
1005 1308 1047 1332 ae
1071 1296 1204 1345 speeies
1232 1294 1430 1333 constituit.
1486 1296 1616 1347 Atque
1645 1294 1833 1346 hucusque
1859 1295 1910 1333 fa-

299 1352 389 1388 bula
403 1349 659 1388 narrationem
679 1349 782 1388 suam
802 1351 848 1387 de
865 1348 1012 1388 Proteo
1038 1350 1158 1387 libero
1182 1352 1219 1386 &
1236 1350 1362 1387 soluto
1380 1361 1468 1388 cum
1490 1363 1625 1400 pecore
1639 1350 1707 1387 suo
1728 1350 1908 1400 complet.

301 1408 406 1450 Nam
430 1403 644 1445 universitas
671 1417 796 1442 rerum
825 1417 913 1442 cum
941 1404 1125 1442 struuuris
1154 1406 1190 1441 ὃ(
1219 1404 1366 1442 fabricis
1395 1405 1596 1456 specierum
1625 1403 1828 1452 ordinariis,
1861 1403 1911 1442 est

301 1462 480 1498 materiae
509 1471 591 1497 non
610 1458 824 1498 consti-istae
851 1470 914 1496 aut
937 1459 1125 1497 devinctae
1154 1461 1191 1496 ὅ(
1211 1458 1330 1509 gregis
1363 1459 1645 1498 materiatorum
1665 1459 1783 1497 facies.
1841 1461 1912 1498 Ni-

302 1514 510 1554 hilominus
529 1513 555 1551 fi
581 1513 662 1565 quis
695 1515 833 1566 peritus
854 1524 1008 1551 naturae
1031 1513 1194 1551 minister
1222 1516 1302 1551 vim
1329 1513 1497 1552 adhibeat
1512 1514 1697 1562 materiae,
1739 1517 1777 1552 &
1800 1524 1915 1552 mate-

303 1571 398 1608 riam
414 1580 542 1611 vexet;
570 1579 680 1620 atque
695 1578 838 1618 urgeat,
866 1581 1046 1618 tanquam
1071 1570 1144 1607 hoe
1165 1568 1243 1620 ipso
1258 1568 1438 1607 destinato
1452 1572 1489 1607 ὃ(
1508 1568 1726 1622 propofit05
1753 1579 1796 1608 ut
1809 1568 1915 1607 illam

304 1625 344 1663 in
361 1623 521 1662 nihilum
550 1622 710 1674 redigat:
738 1623 802 1661 illa
815 1635 946 1662 eontra
964 1625 1064 1672 (eum
1079 1623 1311 1671 annihilatio,
1338 1635 1401 1662 aut
1429 1624 1599 1662 interitus
1618 1637 1736 1672 verus,
1763 1623 1831 1662 nisi
1849 1636 1916 1675 per

304 1679 380 1717 Dei
395 1679 716 1731 omnipotentiam
729 1677 808 1716 fieri
828 1692 910 1717 non
933 1676 1060 1730 possit)
1091 1678 1130 1717 in
1145 1681 1210 1716 tali
1230 1676 1442 1717 necestitate
1470 1678 1586 1732 posita
1606 1682 1645 1717 in
1667 1682 1776 1717 miras
1789 1691 1915 1717 rerum

307 1735 661 1772 transformationes
684 1737 721 1772 &
748 1730 886 1785 effigies
908 1734 944 1772 se
972 1734 1101 1772 vertit:
1131 1735 1225 1772 adeo
1247 1745 1290 1772 ut
1322 1737 1475 1772 tandem
1504 1737 1619 1772 veluti
1648 1736 1687 1772 in
1717 1735 1849 1772 orbem
1878 1735 1916 1772 se

307 1800 445 1837 mutet,
475 1792 511 1827 ὃ(
531 1790 731 1841 periodum
749 1788 915 1842 impleat,
946 1792 983 1826 &
1007 1787 1105 1841 quasi
1131 1788 1166 1827 se
1185 1789 1355 1837 restituat,
1384 1788 1410 1826 fi
1437 1788 1488 1828 vis
1516 1792 1771 1828 continuetur.
1826 1789 1916 1836 Ejus

306 1855 434 1883 autem
447 1844 713 1882 constriffionis
733 1843 795 1882 seu
815 1844 1042 1895 alligationis
1067 1843 1160 1882 ratio
1187 1845 1303 1895 magis
1325 1843 1440 1883 facilis
1456 1846 1526 1882 erit
1543 1848 1578 1883 δε
1593 1846 1773 1895 expedita,
1799 1843 1826 1882 fi
1840 1857 1916 1882 ma-

307 1899 399 1937 teria
413 1913 478 1951 per
492 1900 655 1938 manicas
671 1900 1018 1951 comprehendatur,
1048 1900 1087 1936 id
1099 1900 1158 1947 est,
1188 1912 1252 1950 per
1265 1899 1522 1937 extremitates.
1578 1901 1695 1953 Qod
1710 1910 1838 1938 autem
1855 1900 1916 1951 adj

308 1955 411 1992 ditur
439 1954 479 1993 in
501 1956 624 1993 fabula
642 1953 834 1993 Proteum
854 1965 980 1994 vatem
1009 1954 1123 2002 fuisse,
1154 1957 1190 1992 &
1205 1954 1320 1992 trium
1343 1966 1560 2005 temporum
1574 1967 1745 2005 gnarum,
1773 1955 1812 1993 id
1827 1967 1916 1993 eum

309 2011 487 2047 materiae
498 2020 629 2050 natura
643 2009 785 2062 optime
799 2009 998 2048 consentit.
1054 2010 1208 2048 Necess'e
1218 2010 1265 2047 est
1281 2012 1397 2057 enim,
1413 2020 1454 2047 ut
1469 2012 1533 2062 qui
1549 2010 1721 2048 materiae
1733 2006 1918 2064 pafliones

311 2067 349 2102 ὃ(
358 2065 541 2114 process'us
558 2067 719 2112 noverit,
734 2064 872 2103 ‘rerum
888 2065 1074 2103 summam
1090 2068 1127 2102 δί
1147 2078 1274 2103 carum
1290 2078 1383 2114 quae
1397 2065 1510 2102 faeiae
1525 2064 1621 2113 sunt,
1650 2068 1687 2102 &
1701 2076 1793 2117 quae
1807 2065 1918 2112 fiunt,

310 2121 349 2157 ὃς
369 2132 463 2168 quae
477 2119 623 2172 insuper
635 2119 783 2158 futurae
803 2120 900 2168 sunt,
928 2120 1235 2171 comprehendat,
1264 2119 1349 2159 licet
1371 2121 1417 2158 ad
1432 2130 1550 2170 partes
1566 2123 1607 2158 ὃς
1622 2118 1813 2170 singularia
1830 2132 1918 2171 cog-

310 2174 409 2213 nitio
423 2187 505 2213 non
520 2175 754 2213 extendatur.

679 2301 699 2331 1
710 2300 754 2343 4.
791 2285 845 2330 M
857 2302 880 2331 F.
893 2302 927 2332 Μ
941 2301 972 2331 Ν
985 2301 1012 2330 o
1024 2303 1070 2344 N,
1095 2285 1195 2350 five
1218 2287 1560 2334 Praemoturun

365 2393 663 2432 MEMORANT
682 2396 816 2447 poetae
838 2392 1082 2433 Memnonem
1107 2391 1286 2433 Aurorae
1312 2395 1433 2433 filium
1463 2394 1574 2433 fuiss‘e.
1633 2396 1700 2433 llle
1721 2405 1916 2432 armorum

314 2448 589 2498 pulchritudine
616 2448 777 2500 insignis,
807 2452 844 2488 &
866 2462 952 2487 aura
974 2449 1143 2502 populari
1165 2452 1317 2488 celebris
1342 2452 1385 2488 ad
1414 2452 1555 2488 bellum
1574 2448 1782 2502 Trojanum
1801 2451 1916 2497 venit,

315 2504 354 2539 δε
376 2503 420 2540 ad
443 2503 589 2541 summa
608 2504 696 2542 ausu
723 2507 915 2558 praecipiti
947 2504 1116 2542 festinans
1136 2508 1173 2543 δε
1193 2506 1380 2549 anhelans,
1411 2518 1498 2543 cum
1515 2504 1675 2543 Achille
1685 2504 1918 2543 Graecorum

313 2554 521 2595 fortissimo
543 2569 730 2598 certamen
755 2558 938 2610 singulare
952 2559 1048 2607 iniit,
1079 2570 1187 2612 atque
1210 2562 1288 2604 eius
1316 2561 1442 2598 dextra
1465 2561 1651 2598 occubuit.
1707 2561 1818 2597 Hunc
1840 2557 1918 2609 Ju-

301 2610 412 2662 piter
428 2611 615 2651 miseratus
642 2627 722 2653 aves
750 2616 906 2665 lugubre
935 2615 1115 2664 quiddam
1144 2618 1181 2653 &
1204 2616 1406 2653 miserabile
1426 2626 1604 2667 perpetuo
1632 2613 1849 2662 quiritantes
1873 2615 1918 2651 ad

308 2667 478 2716 exequias
490 2669 566 2713 ejus
586 2671 623 2706 ὅ(
646 2670 785 2707 funeris
815 2670 925 2708 decus
950 2672 1144 2711 excitavit3
1172 2671 1336 2713 eiusdem
1362 2671 1474 2708 statua
1497 2682 1659 2722 quoque,
1691 2669 1778 2706 solis
1795 2666 1919 2707 orien-

311 2722 358 2757 tis
373 2719 478 2757 radiis
504 2724 674 2771 percussa,
704 2725 840 2764 sonum
865 2725 1032 2763 flebilem
1050 2725 1158 2763 edere
1184 2724 1292 2763 solita
1314 2725 1415 2763 fuisse
1438 2726 1665 2777 perhibetur.
1723 2725 1858 2762 Fabula
1873 2722 1919 2762 ad

312 2774 589 2818 adolescentem
616 2779 782 2818 summae
811 2780 886 2830 spei
906 2780 1143 2818 calamitosos
1175 2783 1292 2818 exitus
1316 2782 1498 2830 pertinere
1527 2779 1681 2816 videtur.
1738 2781 1798 2816 Illi
1815 2779 1919 2816 enim

312 2840 494 2878 tanquam
517 2829 694 2870 Aurorae
726 2834 791 2872 filii
811 2836 922 2876 sunt;
952 2846 1064 2884 atque
1091 2834 1264 2873 inanium
1293 2838 1329 2873 ὅ(
1354 2846 1596 2873 externorum
1624 2833 1740 2883 specie
1767 2833 1918 2878 tumidi,

313 2886 458 2931 majora
485 2884 561 2922 fere
584 2884 719 2925 viribus
748 2891 897 2937 audent,
927 2900 1036 2942 atque
1065 2890 1194 2928 heroes
1221 2887 1444 2928 fortissimos
1461 2888 1647 2935 laeestimt,
1677 2891 1712 2926 δε
1736 2890 1778 2926 in
1805 2899 1919 2926 certa-

312 2952 404 2977 men
429 2939 647 2992 deposcunt,
676 2944 713 2979 ὃς
737 2945 870 2996 impari
898 2946 1104 2996 congressu,
1132 2945 1426 2990 succumbentes,
1455 2945 1750 2993 extinguuntur3
1779 2943 1921 2981 horum

313 3005 441 3032 autem
457 3005 619 3032 mortem
641 2994 786 3034 infinita
809 2999 1085 3038 commiseratio
1105 3000 1204 3052 sequi
1220 3000 1340 3041 solers
1369 2998 1422 3036 nil
1450 2999 1554 3035 enim
1575 3000 1672 3035 inter
1695 2999 1769 3036 fata
1784 3008 1922 3035 morta-

315 3051 411 3087 lium
430 3061 507 3087 tam
535 3050 661 3088 flebile
672 3051 732 3098 est,
760 3061 912 3101 tamque
933 3065 1066 3104 potens
1082 3056 1127 3092 ad
1146 3053 1439 3092 misericordiam
1455 3054 1786 3100 commovendam,
1806 3064 1921 3104 quam

316 3103 467 3145 virtuti-s·
490 3104 792 3149 flos'immaturo
812 3110 911 3146 exitu
938 3108 1127 3158 praecisus.
1185 3111 1322 3158 Neque
1351 3110 1454 3146 enim
1482 3109 1603 3159 prima
1630 3119 1727 3146 actas
1754 3108 1800 3145 ad
1823 3105 1923 3144 satie-

1802 3171 1922 3199 tatem
