1973 3570
489 229 882 284 THEMA
978 237 1324 285 COELI.

92 340 157 380 illa
169 340 250 378 duo
271 349 432 391 corpora
449 339 510 375 aer
526 339 562 374 δε
577 338 741 375 flamma.
796 337 848 374 Ea
862 348 953 385 vcro
981 348 1022 375 ut
1042 349 1202 390 corpora
1229 339 1339 387 plane
1358 336 1611 389 heterogenea
1625 353 1691 392 po-

93 395 220 434 nenda
238 394 337 438 sunt,
362 405 457 439 non,
481 404 522 430 ut
538 395 652 442 vulgo
666 402 830 442 putatur,
854 393 957 441 quod
978 393 1130 430 flamma
1145 392 1198 430 nil
1218 393 1317 431 aliud
1342 391 1385 430 sit
1413 405 1527 442 quam
1555 400 1616 433 aer
1636 397 1689 436 in-

89 448 232 494 census.
287 450 356 486 His
388 460 480 485 vero
507 448 736 498 respondent
764 446 803 484 in
832 446 1088 496 superioribus
1117 458 1249 485 natura
1285 448 1453 486 aetherea
1476 451 1513 485 ὃς
1541 448 1688 498 siderea,

90 501 183 550 ficut
208 507 245 542 &
262 503 302 541 in
325 502 568 540 inferioribus
586 514 681 550 aqua
708 505 746 539 δε
765 503 909 549 oleum,
938 503 973 539 &
1003 501 1119 552 magis
1143 501 1182 540 in
1201 502 1396 552 profundo
1419 504 1623 543 mercurius
1652 509 1689 544 δε

91 558 261 611 sulphur,
289 560 325 595 ὃ(
340 559 562 608 generaliter
588 569 746 605 corpora
766 558 878 594 cruda
905 558 943 594 &
965 556 1144 609 pinguia3
1181 559 1239 596 vel
1272 556 1378 595 aliter
1402 570 1560 608 corpora
1586 560 1691 597 flam-

90 611 198 651 mam
237 613 473 651 exhorrentia
501 617 536 650 dt
571 611 820 662 concipientia
853 610 955 658 (sales
978 624 1068 649 vero
1095 611 1322 662 compositae
1350 624 1504 651 naturae
1532 613 1616 652 sunt
1646 628 1688 653 ex

93 664 259 720 Partibus
281 669 406 705 crudis
428 665 535 704 sunul
552 669 589 703 δε
610 664 972 716 inflammabilibus.)
1028 667 1113 704 Istae
1145 679 1237 705 vero
1259 668 1352 705 duae
1380 680 1537 717 magnae
1561 681 1690 707 rerum

93 722 262 762 familiae
279 727 384 760 a'erea
417 724 454 759 ὃ(
480 723 667 766 flammea,
693 720 896 758 videndum
926 734 1004 771 quo
1037 722 1190 761 foedere
1218 721 1377 760 universi
1394 733 1541 774 partem
1569 725 1685 775 longe

94 775 297 815 maximam
316 779 591 828 occupaverint,
612 778 649 812 ἃ
669 788 757 823 quas
787 787 907 826 partes
930 778 1088 814 habeant
1114 779 1154 815 in
1178 778 1377 827 systemate.
1434 780 1476 815 ln
1504 781 1586 816 a'e're
1619 791 1689 817 ter-

94 844 158 877 rae
176 834 353 882 proximo
380 832 531 868 flamma
549 831 638 869 vivit
672 841 822 868 tantum
845 833 961 869 vitam
987 844 1306 880 momentaneam,
1346 837 1382 870 δε
1408 833 1552 871 affatim
1581 837 1687 884 perit.

93 886 294 936 Postquam
308 896 435 924 autem
455 889 516 923 aer
530 888 698 938 coeperit
718 885 788 923 esse
811 887 857 923 ab
877 883 1037 924 effluviis
1062 898 1180 925 terrae
1201 888 1426 926 defaecatior
1452 891 1488 926 &
1519 890 1613 927 benc
1639 902 1690 928 at-

91 951 277 989 tenuatus,
301 952 431 979 natura
463 941 635 978 flammae
663 953 727 990 per
747 939 867 978 varios
894 941 994 979 casus
1013 952 1133 980 tentat
1162 946 1197 980 δε
1218 942 1401 993 experitur
1432 944 1471 981 in
1496 946 1577 981 aere
1600 957 1690 982 con-

93 993 223 1044 sistere,
242 998 279 1034 δε
307 996 535 1044 quandoque
559 995 715 1043 acquirit
743 996 982 1034 durationem
1002 999 1240 1045 nonnullam,
1265 1011 1346 1035 non
1380 1011 1422 1035 ex
1447 995 1686 1047 succcssionc‚

94 1063 138 1090 ut
150 1051 249 1102 apud
267 1063 352 1098 nos,
374 1050 437 1088 sed
457 1052 497 1087 in
512 1050 728 1091 identitate3
770 1051 874 1099 quod
902 1053 943 1088 in
969 1050 1150 1100 aliquibus
1170 1053 1324 1091 cometis
1347 1052 1610 1091 humilioribus
1637 1057 1684 1093 ad

102 1116 252 1159 tempus
273 1105 431 1153 obtinet,
456 1106 651 1155 quaesunt
671 1103 814 1142 mediae
837 1105 913 1142 fere
942 1116 1093 1144 naturae
1122 1106 1218 1144 inter
1245 1108 1437 1145 flammam
1455 1106 1692 1147 suecessivam

96 1163 136 1207 ,δι
151 1159 437 1202 consistentem3
473 1172 556 1198 non
575 1171 703 1197 tamen
730 1158 858 1209 figitur
880 1171 943 1197 aut
967 1161 1107 1197 constat
1132 1162 1303 1199 flammea
1322 1173 1464 1208 natura,
1488 1174 1689 1212 antequam

35 1256 37 1258 ,
95 1226 318 1266 perventum
342 1214 454 1253 fuerit
486 1215 532 1252 ad
560 1226 694 1266 corpus
713 1215 835 1251 lunae.
891 1216 949 1252 Eo
970 1216 1057 1252 loco
1083 1215 1235 1254 flamma
1256 1217 1500 1266 extinguibile
1516 1217 1608 1255 illud
1629 1220 1692 1256 de-

86 1269 219 1325 ponit,
245 1273 279 1308 &
302 1269 338 1308 se
352 1280 476 1307 tuetur
500 1279 712 1320 utcunque;
742 1267 802 1305 sed
818 1279 944 1306 tamen
961 1270 1109 1307 infirma
1131 1273 1168 1308 ὅ(
1197 1270 1272 1309 sine
1286 1271 1411 1321 vigore
1435 1272 1483 1308 est
1505 1272 1690 1318 ejusmodi

97 1325 250 1364 flamma
265 1327 302 1363 &
316 1337 449 1375 parum
469 1323 608 1361 habens
621 1322 844 1371 radiationis,
867 1337 937 1361 nec
955 1327 1107 1376 propria
1137 1336 1268 1363 natura
1294 1326 1427 1373 vivida,
1456 1338 1525 1364 nec
1552 1341 1572 1364 a
1599 1340 1690 1366 con-

96 1378 206 1419 traria
228 1390 360 1418 natura
388 1379 596 1417 admodum
616 1378 779 1416 excitata.
834 1378 957 1417 Etiam
980 1381 1125 1429 integra
1153 1393 1234 1418 non
1258 1381 1317 1427 cst,
1343 1381 1404 1418 sed
1437 1393 1479 1418 cx
1509 1382 1690 1432 composi—

98 1433 203 1474 tione
217 1447 306 1473 cum
323 1433 516 1472 substantia
529 1434 699 1472 aetherea
722 1432 858 1485 (qualis
884 1433 935 1471 ibi
951 1434 1155 1483 invenitur)
1176 1436 1365 1473 maculosa
1393 1439 1430 1473 &
1458 1435 1690 1488 interpolata.

98 1490 239 1539 Neque
253 1491 294 1527 in
310 1491 465 1540 regione
480 1487 672 1527 lVIercurii
691 1489 900 1525 admodum
920 1488 1077 1526 feliciter
1091 1492 1277 1528 collocata
1292 1491 1340 1528 est
1355 1491 1520 1539 flamma,
1544 1504 1632 1530 eum
1647 1506 1691 1531 ex

100 1543 375 1584 'coadunatione
403 1544 464 1582 sua
486 1556 643 1595 parvum
663 1544 934 1582 tantummodo
957 1546 1146 1594 planetam
1176 1545 1360 1583 conficere
1386 1548 1485 1596 potis
1513 1545 1567 1594 sit,
1590 1560 1694 1585 eum-

100 1611 175 1650 que
189 1611 277 1638 cum
291 1612 428 1649 magna
452 1602 486 1636 ὃ(
506 1599 720 1649 perturbata
741 1597 914 1636 varietate
945 1602 980 1635 ὃ(
1001 1599 1114 1637 Ηυξὶι]
1140 1611 1332 1645 motuum,
1362 1610 1542 1649 tanquam
1567 1601 1696 1652 ignem

99 1655 258 1702 fatuum,
281 1655 515 1692 laborantem
532 1656 567 1691 ὅ(
588 1654 879 1701 conflictantem,
900 1666 970 1691 nec
989 1654 1023 1691 se
1048 1667 1068 1691 a
1094 1655 1179 1693 solis
1201 1653 1382 1708 praesidiis
1402 1654 1468 1692 nili
1491 1668 1557 1708 per
1587 1669 1694 1707 parva

99 1709 212 1760 spatia
226 1709 388 1760 disiungi
403 1708 655 1746 sustinentem.
711 1708 841 1758 Atque
855 1709 1046 1759 postquam
1073 1710 1119 1747 ad
1139 1713 1334 1760 regionem
1351 1710 1513 1750 Veneris
1533 1712 1581 1749 est
1608 1725 1693 1749 ven-

102 1775 198 1813 tum,
213 1763 341 1814 incipit
365 1765 535 1802 roborari
555 1764 728 1801 flammea
742 1775 872 1801 natura
890 1767 925 1800 ὃ(
941 1765 1147 1812 clarescere,
1175 1769 1211 1803 ὃς
1240 1765 1278 1804 in
1307 1767 1466 1815 globum
1496 1767 1590 1804 bene
1619 1779 1695 1804 am—

101 1821 210 1869 plum
224 1819 466 1869 congregari5
495 1820 561 1868 qui
590 1829 716 1856 tamen
736 1822 771 1856 δε
798 1819 872 1868 ipse
890 1819 1090 1857 famulatur
1115 1820 1197 1867 soli,
1222 1823 1257 1857 ὃ(
1282 1820 1430 1870 longius
1450 1820 1495 1857 ab
1523 1834 1572 1860 eo
1600 1834 1696 1859 rece-

103 1876 191 1912 dere
210 1874 394 1911 exhorret.
450 1877 493 1911 In
509 1873 593 1911 solis
607 1884 733 1911 autem
751 1877 906 1923 regione
929 1885 1108 1924 tanquam
1130 1878 1168 1912 in
1185 1875 1282 1912 solio
1297 1877 1504 1913 collocatur
1519 1876 1670 1913 flamma
1685 1892 1696 1917 ς

103 1930 227 1966 media
242 1928 338 1966 inter
353 1929 521 1966 flammas
535 1931 778 1979 planetarum,
798 1929 936 1966 fortior
952 1931 1065 1966 etiam
1089 1933 1125 1967 ὃ(
1144 1929 1352 1968 vibrantior
1378 1942 1492 1978 quam
1519 1931 1696 1969 flammae

106 1984 262 2022 fixarum
297 1995 448 2034 propter
478 1984 662 2030 majorem
699 1982 969 2033 anriperfflafin,
1004 1984 1042 2021 &
1072 1982 1355 2022 inten-sissimam
1388 1983 1583 2023 unionem.
1640 1988 1696 2024 At

105 2038 258 2077 flamma
292 2038 330 2076 in
354 2039 507 2089 regione
535 2038 689 2078 Αἰαντὶς
716 2038 829 2076 etiam
852 2039 997 2076 robusta
1023 2039 1199 2087 cernitur,
1224 2040 1309 2077 solis
1329 2038 1557 2078 vicinitatem
1572 2043 1696 2078 rutila—

104 2093 212 2132 tione
227 2094 401 2141 refercns,
427 2094 488 2131 sed
512 2096 587 2140 jam
602 2094 656 2131 sui
684 2093 783 2141 juris,
811 2097 846 2131 ὅ(
862 2107 955 2146 quae
977 2107 1042 2146 per
1063 2097 1254 2145 integrum
1267 2094 1365 2132 coeli
1380 2093 1604 2132 diametrum
1627 2095 1662 2132 se
1678 2109 1698 2133 a

104 2148 186 2187 sole
198 2149 360 2198 disjungi
378 2148 546 2199 patiatur.
604 2152 646 2187 In
663 2150 817 2197 regione
831 2160 959 2187 autem
973 2148 1099 2200 Jovis
1123 2150 1277 2187 flamma
1304 2151 1594 2187 contentionem
1612 2162 1696 2200 pau—

106 2202 214 2242 htim
227 2203 433 2253 deponens,
455 2206 572 2254 magis
595 2204 738 2256 placida
751 2205 898 2241 videtur
927 2207 963 2242 ὅ(
977 2205 1144 2252 candida,
1175 2217 1255 2242 non
1282 2216 1361 2242 tam
1390 2217 1433 2241 ex
1467 2216 1596 2242 natura
1618 2218 1699 2255 pro-

107 2257 186 2309 pria
202 2258 258 2306 (ut
277 2259 376 2296 stella
393 2259 565 2306 Veneris,
587 2257 722 2310 quippe
739 2258 942 2308 ardentior)
971 2258 1032 2296 sed
1050 2272 1093 2297 ex
1113 2272 1242 2298 natura
1265 2259 1484 2296 circumfusa
1511 2258 1635 2296 minus
1656 2262 1701 2296 ir-

109 2315 271 2352 ritata&
292 2312 515 2365 exasperata3
543 2316 584 2352 in
599 2326 671 2362 qua
685 2315 841 2363 regione
868 2311 1063 2351 verisimile
1087 2313 1135 2351 est
1163 2314 1269 2359 illud,
1299 2314 1401 2362 quod
1430 2312 1564 2365 reperit
1594 2313 1703 2352 Gali-

111 2366 231 2415 laeus,
254 2369 406 2406 coelum
441 2368 605 2422 incipere
630 2368 842 2414 stdlescere,
867 2366 952 2405 licet
977 2380 1042 2417 per
1064 2368 1182 2406 stellas
1214 2371 1392 2420 parvitate
1420 2366 1701 2407 suainvisibileS.

109 2425 155 2462 ln
170 2420 333 2463 Saturni
348 2434 476 2461 autem
490 2423 643 2474 regione
668 2423 789 2461 rursus
818 2433 950 2460 natura
973 2423 1145 2460 flammae
1160 2425 1307 2460 videtur
1332 2421 1507 2459 nonnihil
1538 2424 1704 2473 langues-

110 2490 198 2517 cere
212 2480 249 2516 &
264 2477 470 2526 hebescere,
495 2490 630 2532 utpote
645 2481 681 2515 ὅ(
700 2490 721 2514 a
735 2477 821 2515 solis
840 2476 978 2515 auxiliis
995 2477 1143 2527 longius
1159 2488 1315 2524 remota,
1342 2480 1378 2514 ὅ(
1399 2490 1420 2514 a
1435 2479 1546 2514 coelo
1559 2478 1704 2516 stellato

111 2532 152 2572 in
170 2533 346 2585 proximo
361 2529 538 2572 exhausta.
593 2533 790 2571 Postremo
819 2532 992 2569 flammea
1024 2533 1060 2570 ὃ(
1092 2531 1227 2570 siderea
1255 2543 1398 2579 natura,
1426 2532 1615 2571 aethereae
1643 2546 1706 2570 na-

107 2586 219 2626 ‘turae
231 2589 374 2634 vidiri&
393 2590 545 2626 coelum
569 2589 630 2626 dat
650 2588 846 2633 stellatum,
875 2599 918 2624 ex
933 2598 1064 2625 natura
1078 2588 1248 2625 aetherea
1277 2590 1314 2625 ὅ(
1343 2585 1479 2624 siderea
1509 2588 1705 2638 (quemad-

111 2644 275 2683 modum
289 2644 423 2693 globus
437 2654 554 2681 terrae
576 2656 618 2680 ex
634 2641 848 2680 continenti
875 2644 912 2679 ὅ(
934 2641 1054 2691 aquis)
1078 2644 1177 2679 varie
1202 2640 1323 2692 sparsis
1348 2642 1567 2689 conflatum,
1604 2643 1705 2680 versa

114 2709 245 2737 tamen
278 2700 315 2736 &
349 2698 493 2736 subacta
514 2709 625 2747 atque
653 2698 748 2735 adeo
771 2693 965 2734 affimilata
999 2696 1188 2734 substantia
1209 2697 1390 2743 aetherea,
1419 2707 1459 2735 ut
1485 2695 1641 2734 sidereae
1663 2696 1704 2734 sit

113 2753 266 2806 prorsus
290 2752 430 2802 patiens
458 2756 496 2790 ὅ(
524 2752 761 2791 subserviens.
817 2753 943 2802 Itaque
972 2762 1046 2789 trcs
1072 2754 1305 2804 reperiuntur
1327 2765 1348 2789 a
1369 2762 1467 2789 terra
1495 2753 1541 2790 ad
1570 2751 1705 2801 fastigia

116 2806 214 2846 coeli
240 2810 414 2858 regiones
441 2809 641 2858 generales,
670 2810 707 2845 &
742 2809 811 2844 tria
833 2817 1012 2855 tanquam
1036 2808 1209 2853 tabulata,
1245 2806 1372 2855 quoad
1407 2817 1580 2844 naturam
1604 2806 1706 2842 flam—

116 2875 254 2900 moem.
310 2865 435 2912 Regio
450 2861 685 2900 extinctionis
699 2862 893 2902 flammaes
909 2863 1014 2909 regio
1029 2863 1314 2899 coadunationis
1325 2861 1518 2901 flammaes
1548 2863 1582 2896 ὃ(
1600 2861 1707 2909 regio

117 2915 344 2971 dispersionis
360 2918 543 2955 flammae.
597 2917 730 2964 Atque
749 2917 796 2954 de
811 2918 996 2965 contiguo
1011 2918 1046 2953 δε
1063 2916 1248 2954 continuo
1264 2918 1423 2966 argutari
1439 2918 1478 2952 in
1489 2913 1707 2965 corporibus

119 2971 297 3010 mollibus
312 2975 348 3009 ὃς
364 2972 556 3018 fluoribus,
584 2971 773 3022 plebeium
788 2970 951 3008 omnino
965 2970 1075 3009 foret.
1129 2972 1226 3008 lllud
1251 2981 1378 3008 tamen
1407 2968 1707 3017 intelligendum,

120 3025 305 3065 consuesse
319 3038 492 3065 naturam
518 3027 565 3064 ad
594 3026 705 3078 spatia
733 3026 917 3074 quaedam
944 3038 1009 3076 per
1037 3026 1180 3076 gradus,
1208 3026 1343 3064 deinde
1373 3025 1496 3061 subito
1519 3035 1582 3071 per
1598 3022 1709 3060 saltus

119 3081 332 3131 procedere,
349 3094 459 3134 atque
473 3081 689 3127 hujusmodi
704 3081 912 3131 processum
927 3082 1108 3119 alternare
1124 3095 1135 3123 3
1172 3082 1278 3119 aliter
1293 3080 1397 3117 nulla
1423 3077 1539 3129 poffct
1563 3077 1642 3114 fieri
1657 3077 1708 3113 fa-

115 3134 235 3182 brica,
249 3133 275 3172 fi
295 3147 360 3186 per
373 3138 506 3188 gradus
525 3135 747 3175 insensibiles
761 3147 944 3189 perpetuo
958 3137 1233 3187 procederetur.
1289 3137 1460 3190 Qantu}
1477 3130 1580 3217 enim(
1601 3131 1710 3212 ίὶὶὶῐυῗ

175 3191 293 3230 Ver„
322 3191 366 3228 11.
394 3200 397 3203 ·
925 3191 995 3230 Rr
1573 3196 1708 3233 ,quoae

1764 251 1858 311 313
