1973 3570
56 168 151 214 282

581 160 1053 213 COGITATA
1110 166 1222 213 ET
1284 164 1488 213 VISA

241 257 445 310 collocant,
474 274 632 312 quatum
653 276 735 316 pars
760 275 874 313 quota
903 263 927 302 si
961 267 1004 302 ad
1030 265 1113 303 sana
1142 268 1179 303 ὅ(
1209 265 1327 302 solida
1349 275 1565 311 verteretur,
1595 265 1737 302 nullam
1763 260 1845 303 non

243 315 501 355 difficultatem
520 318 685 370 superare
714 321 840 369 pollet.
899 322 1033 371 Neque
1054 319 1122 356 ell‘e
1141 321 1244 370 quod
1260 321 1435 357 homines
1455 319 1727 371 particularium
1749 322 1842 356 nuut-

241 372 444 412 titudinem
471 372 729 420 reformident,
765 387 852 412 cum
889 374 1024 412 artium
1062 375 1321 426 phaenomena
1355 374 1536 426 manipuli
1567 373 1675 411 instar
1704 372 1772 411 sint
1800 375 1846 412 act

244 429 388 477 ingenii
411 438 628 465 commenta
652 428 766 466 semel
795 431 840 467 ab
860 428 1044 467 evidentia
1074 438 1201 466 rerum
1224 429 1401 474 disiuneia
1418 432 1452 465 ὅ(
1483 429 1657 465 disti-acra.
1714 430 1846 477 Atque

243 484 335 521 haee
355 495 447 530 quae
476 483 572 519 dieta
596 482 678 520 sunt
707 483 859 533 singula,
900 484 1102 535 impulsum
1129 485 1317 535 quendam
1343 485 1387 521 ad
1414 484 1515 535 spem
1542 483 1752 520 faciendam
1788 485 1849 520 lia-

248 539 359 579 bere,·
391 547 477 574 ante
501 536 628 574 omnia
644 549 768 575 autem
797 536 1035 576 certissimam
1063 539 1164 588 spem
1190 539 1271 585 effe,
1300 552 1341 576 cx
1371 540 1556 589 praeteriti
1581 538 1760 586 temporis
1792 551 1846 575 er·

248 593 408 644 roribus.
464 592 591 643 Atque
614 591 860 643 (quodetiam
880 594 1060 645 quispiam
1089 595 1135 631 de
1160 593 1259 631 civili
1280 593 1370 631 statu
1395 606 1474 630 non
1504 593 1704 644 prudenter
1733 593 1849 630 adini-

247 646 399 684 nistrato
429 647 534 694 dixit)
568 649 670 694 quod
687 649 731 684 ad
762 650 953 700 praeterita
983 648 1179 698 spectando
1194 645 1405 698 pessimuni,
1435 648 1471 684 id
1495 646 1613 699 ipsum
1650 648 1695 684 ad
1723 647 1850 685 futura

251 703 442 753 optimum
459 702 539 738 ess'e.
599 702 829 741 Cellantibus
846 705 946 740 enini
970 703 1183 747 hujusmodi
1207 705 1392 740 erroribus
1417 702 1480 753 (ad
1494 703 1595 753 quod
1618 701 1690 750 ipsa
1707 701 1853 739 monita

256 755 421 807 primuni
443 757 599 805 gradum
615 757 804 805 praestant)
836 760 1035 794 maximam
1062 771 1188 794 rerum
1220 757 1499 795 conversionem
1529 758 1622 794 fore.
1680 757 1795 808 (Quod
1825 756 1852 793 si

260 810 435 848 homines
458 822 520 861 per
537 820 638 847 tanta
658 823 847 849 annorum
872 812 983 863 spatia
1004 811 1100 849 viam
1126 813 1337 858 tenuissent,
1367 825 1434 849 nec
1454 823 1580 849 tamen
1596 811 1748 848 ulterius
1768 823 1852 863 pro-

258 865 359 914 gredi
374 863 586 913 potuissent,
616 877 663 901 ne
680 866 781 915 spem
808 865 958 915 quidem
980 868 1096 902 ullam
1126 866 1260 903 subess'e
1289 867 1454 916 potuill'e.
1511 869 1621 903 Tunc
1650 864 1751 902 enim
1777 878 1853 902 ma-

250 918 427 969 nifestum
453 917 567 965 suiss'e,
597 916 856 958 difficultatem
883 920 919 957 in
944 920 1097 958 materia
1125 923 1160 956 &
1177 920 1339 965 subjeeio
1363 922 1471 970 (qu-ae
1498 920 1637 958 nostrae
1666 920 1854 969 potestatis

254 987 335 1011 non
352 973 449 1020 sunt)
480 974 818 1012 noninstruinento
840 976 960 1026 (quod
976 987 1087 1024 penes
1110 988 1177 1012 nos
1193 976 1254 1022 est)
1272 977 1344 1013 hoe
1359 977 1406 1013 est
1433 976 1470 1013 in
1494 976 1599 1012 rebus
1618 975 1689 1011 istis
1713 987 1855 1011 earum-

256 1041 329 1076 que
353 1027 594 1069 obscuritate3
622 1042 703 1066 non
728 1031 767 1067 in
797 1030 926 1068 animo
943 1031 1111 1067 humano
1138 1033 1174 1066 ὅ(
1203 1032 1279 1075 ejus
1307 1032 1574 1083 adoperatione
1602 1030 1681 1067 effe.
1740 1032 1856 1068 Nunc

257 1093 382 1121 autern
403 1095 586 1132 apparere,
615 1086 712 1121 viani
734 1098 813 1122 non
842 1087 961 1137 aliqua
986 1087 1088 1122 mole
1117 1096 1179 1122 aut
1203 1086 1294 1123 strue
1312 1088 1543 1135 imperviam,
1580 1085 1637 1121 scd
1655 1085 1699 1120 ab
1726 1083 1854 1122 huma-

258 1137 315 1175 nis
329 1137 480 1186 vestigiis
495 1138 641 1175 deviam
665 1139 753 1176 ess‘e:
782 1141 904 1189 itaque
936 1139 1144 1178 solitudinis
1169 1150 1314 1177 metum
1340 1141 1519 1192 paulisper
1550 1140 1758 1185 offundere,
1788 1151 1859 1176 nec

260 1194 355 1230 ultra
381 1194 529 1229 minari.
585 1194 778 1232 Postremo
806 1199 841 1232 δι
871 1196 960 1232 illud
981 1196 1113 1241 statuit,
1148 1193 1173 1231 si
1202 1195 1274 1244 spei
1303 1198 1427 1233 multo
1453 1194 1677 1231 imbecillior
1697 1206 1783 1230 aura
1811 1195 1858 1231 ab

259 1247 329 1284 isto
343 1259 451 1284 novo
468 1246 687 1285 continente
704 1249 902 1300 spiraverit,
931 1261 1056 1288 tamen
1077 1249 1342 1300 experiundum
1373 1250 1488 1287 suiss'e.
1545 1252 1639 1287 Non
1664 1247 1766 1285 enim
1780 1250 1858 1299 pari

260 1301 425 1353 periculo
442 1315 520 1338 reni
537 1315 617 1340 uon
637 1305 771 1342 tentari
787 1308 820 1342 ὅ(
844 1318 923 1342 non
942 1305 1150 1342 succedere:
1180 1318 1266 1342 cum
1283 1304 1575 1353 inilloingentis
1591 1302 1693 1349 boni,
1723 1302 1760 1339 in
1785 1305 1859 1340 hoc

261 1355 409 1406 pussllae
439 1358 620 1394 humanae
651 1371 786 1410 operae
817 1361 951 1405 jasium
980 1371 1154 1397 vertatur.
1209 1362 1355 1397 Verum
1384 1363 1419 1396 δί
1451 1359 1554 1395 <lieris
1583 1362 1619 1396 δε
1647 1370 1727 1395 non
1755 1359 1864 1395 dieiis

262 1411 382 1449 visum
399 1410 446 1448 est
456 1413 502 1458 ci,
532 1412 603 1464 spei
624 1414 770 1452 abunde
786 1415 866 1461 effe,
895 1427 975 1452 non
996 1425 1144 1451 tantum
1159 1414 1308 1451 homini
1323 1413 1502 1452 industrio
1518 1414 1564 1450 ad
1581 1412 1861 1463 experiendum,

264 1466 327 1515 sed
343 1467 455 1502 ctiam
466 1468 641 1517 prudenti
658 1470 692 1504 ὃ(
709 1468 837 1505 sobrio
849 1470 892 1506 ad
904 1470 1144 1506 credendum.

321 1522 598 1558 CoeirAv1T
628 1525 663 1559 ὅ(
684 1521 788 1569 illud,
817 1523 936 1562 studio
948 1524 1102 1562 accenso
1117 1527 1153 1561 ὅ(
1169 1523 1228 1573 spe
1248 1524 1352 1571 facita,
1381 1524 1428 1561 de
1449 1522 1569 1561 modis
1584 1521 1797 1574 perficiendi
1811 1525 1863 1561 vi·

264 1576 430 1612 dentium
445 1575 524 1613 effe.
580 1578 680 1613 Haec
703 1579 828 1626 itaque
845 1578 928 1616 sunt
944 1591 1037 1627 quae
1061 1577 1092 1615 ei
1113 1578 1206 1616 circa
1221 1579 1294 1616 hoc
1309 1577 1527 1628 generaliter
1541 1578 1614 1616 visa
1638 1578 1741 1615 sunt:
1768 1590 1865 1629 quae

267 1632 383 1667 ctiam
405 1628 512 1666 nudis
533 1632 569 1667 3<
592 1633 725 1683 apertis
758 1632 946 1671 sententiis
970 1634 1140 1671 claudere
1161 1637 1196 1672 ὃς
1224 1634 1423 1683 complesti
1439 1633 1734 1671 consentaneum
1759 1643 1864 1683 puta-

266 1684 330 1721 vit.
385 1684 516 1723 Visum
533 1684 580 1723 est
602 1689 649 1732 ei,
677 1688 786 1738 plane
809 1690 855 1726 ab
885 1687 926 1725 iis
954 1701 1047 1740 quae
1077 1690 1151 1734 jam
1179 1689 1272 1726 facta
1287 1688 1384 1735 suut,
1412 1688 1550 1726 diversa
1564 1686 1729 1725 facienda
1745 1705 1758 1731 ,-
1797 1690 1864 1725 ita-

266 1752 340 1788 que
355 1752 478 1776 rerum
494 1743 774 1790 praeteritarum
796 1743 1109 1793 redargutionem,
1138 1744 1183 1781 ad
1203 1743 1327 1782 futura
1351 1745 1430 1782 vice
1459 1744 1598 1781 oraculi
1624 1743 1744 1792 fungi.
1799 1743 1866 1781 Vi-

266 1795 348 1831 sum
368 1794 416 1832 est
440 1796 485 1841 ei,
515 1795 676 1833 theorias
695 1800 731 1833 ἃ
759 1796 967 1847 opiniones,
993 1802 1028 1835 ὅ(
1056 1797 1233 1836 notiones
1257 1811 1493 1845 communes,
1522 1808 1706 1849 quantum
1740 1799 1867 1848 rigore

267 1851 406 1886 mentis
417 1851 452 1887 ὃ(
468 1849 672 1888 constantia
685 1852 847 1889 obtineri
856 1854 984 1904 potest,
1014 1853 1157 1902 penitus
1171 1854 1332 1891 aboleri:
1363 1856 1400 1891 ὅ(
1415 1854 1646 1891 intellectum
1658 1854 1813 1902 planum
1828 1855 1868 1891 δί

266 1916 442 1952 aequum,
472 1905 515 1942 ad
533 1905 760 1957 particularia
782 1908 828 1945 dc
853 1910 1003 1958 integro
1023 1909 1215 1946 accedere:
1245 1919 1286 1946 ut
1308 1909 1385 1946 fere
1412 1921 1494 1946 non
1521 1907 1612 1945 alius
1634 1908 1678 1944 ad
1706 1920 1868 1957 regnum

269 1969 435 2005 naturae,
477 1972 590 2008 quam
618 1962 663 1998 ad
692 1975 851 2011 regnum
876 1965 1070 2001 coelorum
1093 1974 1212 2014 pateat
1240 1963 1381 2004 aditus3
1417 1964 1463 2001 ad
1491 1963 1595 2012 quod
1627 1962 1772 2000 nemini
1798 1961 1868 2000 nisi

270 2012 337 2051 sub
352 2014 507 2065 persona
534 2015 684 2053 infantis
711 2016 854 2067 ingredi
874 2020 994 2056 liccat.
1049 2018 1184 2057 Visum
1207 2019 1255 2056 est
1280 2020 1326 2065 ei,
1354 2017 1628 2068 particularium
1660 2016 1801 2067 sylvam
1827 2020 1868 2057 &2

270 2071 478 2115 materiem,
508 2072 544 2106 ὃς
572 2082 746 2117 numero,
777 2075 813 2109 &
840 2085 988 2121 genere,
1022 2074 1057 2110 δί
1085 2073 1307 2111 certitudine
1335 2084 1397 2111 aut
1412 2071 1610 2112 subtilitate
1627 2072 1672 2110 ad
1688 2072 1870 2109 informa·

272 2121 419 2160 tionem
439 2121 682 2162 sufficientem
700 2129 881 2176 colligi&
899 2127 1066 2177 congeri,
1094 2139 1178 2165 tum
1202 2142 1244 2166 ex
1271 2127 1427 2166 naturali
1455 2126 1612 2174 historia,
1639 2138 1724 2164 tum
1743 2140 1786 2165 ex
1807 2139 1868 2165 ex·r

272 2180 489 2228 perimentis
503 2180 735 2228 mechanicis,
763 2193 873 2233 atque
892 2195 934 2220 ex
962 2181 1004 2219 iis
1032 2180 1280 2232 potissimum‚
1309 2185 1396 2232 quia
1418 2193 1548 2221 natura
1569 2183 1712 2232 plenius
1734 2182 1768 2219 se
1783 2194 1869 2234 pro*

272 2234 342 2280 dit,
371 2246 458 2270 cum
473 2235 519 2270 ab
547 2246 624 2271 arte
649 2246 797 2273 tenetur
826 2241 861 2274 ὃ(
891 2249 1054 2287 urgetur,
1082 2250 1196 2286 quarn
1219 2240 1258 2275 in
1273 2240 1442 2276 libertate
1456 2240 1615 2290 propria.
1671 2237 1805 2274 Visum
1821 2237 1870 2275 est

273 2290 321 2335 ei,
349 2288 505 2325 eandem
520 2289 714 2327 materiam
729 2303 771 2328 ea
786 2292 930 2330 ratione
946 2294 986 2329 in
1009 2293 1149 2330 tabulas
1163 2304 1272 2342 atque
1298 2295 1339 2330 in
1357 2293 1530 2330 ordinem
1559 2291 1674 2341 redigi
1686 2294 1722 2328 &
1740 2291 1870 2341 digeri,

274 2353 315 2379 ut
331 2344 540 2380 intellectus
559 2345 599 2381 in
615 2357 698 2382 eam
713 2359 831 2395 agere,
859 2358 969 2398 atque
985 2360 1077 2399 opus
1097 2348 1203 2385 suum
1225 2349 1353 2399 exequi
1368 2344 1500 2397 possit:
1529 2359 1615 2384 cum
1632 2359 1702 2383 nec
1715 2348 1872 2389 verbum

275 2396 442 2434 divinum
460 2397 496 2434 in
513 2411 635 2436 rerum
657 2402 807 2438 niallam
830 2401 966 2450 absque
988 2402 1119 2439 ordine
1136 2413 1331 2455 operatum
1353 2401 1395 2440 fit
1405 2420 1419 2444 ,-
1448 2402 1568 2441 visum
1598 2401 1646 2438 es'r
1674 2415 1693 2438 a
1717 2401 1870 2453 partica-⁴

275 2451 409 2488 laribus
438 2451 476 2489 in
505 2454 646 2491 tabulas
669 2458 802 2502 relatis,
830 2457 877 2494 ad
900 2469 1086 2495 novorum
1110 2456 1381 2506 particularium
1404 2455 1681 2508 inquisitionem
1709 2457 1871 2494 minime

274 2506 467 2564 confestim
488 2508 753 2548 transeundum
783 2511 905 2561 (quod
929 2522 1055 2550 tamen
1084 2514 1120 2548 ὅς
1148 2512 1269 2564 ipsum
1292 2524 1347 2549 res
1371 2511 1469 2549 utilis
1499 2510 1552 2559 sit,
1582 2514 1618 2548 ὅ(
1644 2510 1752 2547 instat
1767 2523 1872 2561 expe·

276 2559 428 2597 neutiae
449 2563 637 2607 cujusdam
666 2565 845 2615 literatae)
874 2566 935 2604 sed
950 2567 996 2604 ad
1013 2569 1201 2616 generales
1228 2569 1263 2604 ὅ(
1279 2579 1501 2604 communes
1524 2564 1874 2615 comprehensiones

278 2614 376 2666 prius
391 2618 685 2666 procedendum,
715 2623 750 2657 ὅ(
776 2623 933 2658 naturali
957 2621 1041 2659 sane
1060 2622 1266 2660 intellectus
1293 2621 1472 2670 processui
1500 2632 1647 2659 eatenus
1676 2620 1870 2670 indulgen-

277 2670 383 2707 dum.
441 2671 511 2706 Sed
541 2671 646 2711 sunul
673 2674 792 2712 visum
816 2676 863 2713 est
891 2675 936 2721 ei,
968 2676 1178 2713 intellectus
1195 2687 1345 2713 motum
1375 2679 1411 2713 ὃς
1436 2678 1620 2726 impetum
1650 2678 1870 2721 naturalem,

279 2723 340 2761 sed
356 2737 520 2776 pravum,
543 2739 563 2762 a
591 2731 866 2777 particularibus
887 2732 931 2767 ad
958 2729 1307 2780 comprehensiones
1339 2730 1540 2780 superiores
1557 2733 1592 2766 &
1618 2732 1735 2777 magis
1763 2742 1870 2779 gene-

281 2781 373 2816 rales
390 2779 522 2830 (qualia
544 2780 624 2818 suut
648 2786 826 2834 principia
846 2797 940 2834 quae
959 2796 1094 2824 vocant
1109 2785 1244 2823 artium
1260 2788 1296 2823 ὃ(
1311 2784 1452 2836 rerum)
1482 2783 1644 2824 saliendi,
1672 2784 1710 2819 &
1732 2783 1873 2832 reliqua

280 2833 541 2872 descendendo
551 2839 747 2884 permedia
762 2841 981 2892 expediendi
1001 2840 1163 2878 omnino
1178 2841 1435 2878 cohibendum
1452 2854 1460 2877 ε
1489 2840 1548 2876 scd
1573 2838 1872 2889 comprehensio-

281 2900 345 2926 nes
368 2889 549 2940 proximas
575 2892 712 2939 primO,
753 2906 795 2930 ac
823 2895 995 2946 deinceps
1021 2896 1163 2933 medias
1189 2896 1385 2932 eliciendas
1414 2897 1449 2931 &
1477 2892 1726 2940 inveniendas,
1762 2904 1874 2945 atque

280 2956 345 2993 per
368 2944 499 2992 gradus
527 2944 740 2992 continuos,
774 2951 809 2985 ὅ(
838 2949 971 2987 scalam
990 2962 1115 2988 veram
1137 2950 1459 2988 adscendendum:
1487 2949 1563 2986 fere
1579 2949 1682 2984 enim
1703 2959 1874 2986 contem*

281 2999 494 3049 plationuin
523 3002 559 3037 δε
584 2998 788 3039 intelle-clus
802 3002 875 3040 vias
901 3003 940 3041 in
957 3004 1109 3051 bivium,
1138 3006 1230 3043 illud
1250 3004 1453 3042 moralium
1464 3002 1622 3054 antiquis
1635 3003 1874 3040 decantatum

285 3051 514 3093 coincidcrcz
542 3055 696 3093 alteram
720 3057 824 3095 enim
851 3057 948 3098 viam
971 3058 1096 3110 primo
1121 3058 1278 3109 ingress'u
1306 3059 1454 3109 planam
1476 3058 1521 3096 ad
1549 3058 1628 3096 avia
1653 3058 1798 3104 ducere,
1825 3059 1874 3094 al·

1753 3122 1871 3150 teram
