1973 3570
83 261 185 335 aaa
463 245 1578 321 PARMENmis,{TE-LESVIJ„

260 362 345 404 lum
365 362 545 410 calorem,
580 364 645 410 qui
666 363 708 400 ‘in
727 374 825 410 aqua
850 360 973 411 serpit,
1001 356 1164 397 omnino
1187 358 1427 404 interimere5
1455 367 1567 406 atque
1591 356 1872 411 similiter-ealo-

259 431 346 458 rem
365 419 724 470 praeternaturalem
747 418 957 455 humorum
981 413 1222 468 putridorum
1247 415 1287 450 in
1307 410 1468 461 corpore
1485 413 1679 462 latiniano,
1707 417 1874 454 calorem

263 475 474 514 naturalem
496 472 678 512 suffocare
693 476 730 511 ὅ(
744 473 973 522 extinguere.
1032 469 1198 518 Copiam
1212 480 1305 505 vero
1318 468 1451 504 caloris
1479 469 1689 516 plurimum
1717 469 1870 510 interes-

266 530 316 577 se,
345 529 573 569 manifestius
599 528 680 576 effe,
706 540 820 578 quam
849 537 890 564 ut
918 526 1168 578 explicatione
1193 532 1311 573 egeat.
1368 524 1506 570 Neque
1535 526 1639 560 enim
1669 537 1785 564 unam
1808 535 1871 564 aut

264 586 422 623 alteram
442 586 540 634 ignis
558 596 718 634 prunam
739 595 855 633 aeque
875 581 1131 627 vehementer,
1152 591 1193 615 ac
1222 580 1359 615 multas
1382 588 1625 626 coacervatas,
1648 581 1872 630 calefaceres

266 639 429 677 maxime
445 649 571 677 autem
586 636 778 688 insigniter
794 636 922 690 copiae
949 634 1081 673 caloris
1103 633 1279 672 effeetum
1308 633 1555 678 demonstrari
1579 635 1621 671 in
1650 636 1874 685 multiplica>—

269 696 379 732 tione
399 695 532 732 caloris
560 693 658 741 solis,
695 706 761 745 per
798 693 1044 729 reflexionem
1073 689 1293 731 radiorum3
1337 699 1516 733 numerus
1545 691 1651 726 enim
1678 691 1877 730 radiorum

269 750 559 801 ‘conduplicatur
584 761 649 798 per
678 748 938 785 reflectionem
957 743 1178 796 simplicem,
1204 744 1476 792 multiplicatur
1505 754 1569 791 per
1588 746 1740 785 variam.
1758 764 1768 784 ,-
1798 745 1877 782 Co—

270 806 354 856 piae
369 803 499 841 caloris
512 814 604 840 vero
619 803 730 839 debet
746 800 903 839 adscribi
936 801 995 836 vel
1025 799 1110 836 addi
1140 801 1177 835 &
1197 797 1301 845 unio,
1325 798 1443 846 quod·
1457 796 1569 833 etiam
1589 800 1814 849 obliquitate
1839 802 1876 838 ὅ(

272 857 544 911 perpendiculo
561 858 752 896 radiorum
768 857 914 905 optime
934 854 1153 902 ostenditur,
1175 864 1263 890 cum
1293 864 1373 901 quo
1399 850 1549 903 propius
1569 856 1607 890 ὅ(
1630 856 1677 892 ad
1689 857 1877 894 acutiores

272 915 431 963 angulos
445 912 567 950 radius
581 912 741 950 dire-{ius
761 914 799 949 &
827 910 980 948 reflexus
1003 910 1121 955 coe'at,
1142 920 1190 945 eo
1214 908 1437 944 validiorem
1463 908 1595 955 caloris
1621 910 1739 949 ictum
1758 910 1876 960 jaciat.

272 969 380 1020 Quin
401 969 438 1004 &
457 966 512 1004 sol
527 966 615 1016 ipse,
643 978 732 1004 cum
760 968 860 1004 inter
879 960 1038 1010 majores
1065 964 1151 1013 illos
1179 966 1216 1001 ὅ(
1240 960 1463 1007 robustiores
1511 963 1700 1003 stellarum
1724 965 1882 1004 fixarum

272 1023 388 1072 ignes,
400 1023 586 1072 regulum,
606 1022 836 1067 caniculamss
844 1019 995 1073 spicam,
1010 1017 1186 1068 versatur,
1201 1019 1427 1056 valentiores
1440 1017 1604 1056 fervores
1619 1016 1734 1059 efflat.
1755 1023 1760 1039 ³
1779 1021 1883 1059 ·M0·

271 1089 356 1114 ram
369 1089 462 1114 vero
476 1077 609 1115 caloris
625 1071 899 1114 evidentiffime
913 1075 1069 1111 maximi
1090 1074 1283 1111 momenti
1303 1074 1567 1124 operationem
1592 1074 1776 1113 effe-cum·
1798 1087 1882 1114 om-

273 1144 340 1170 nes
363 1133 517 1170 virtutes
536 1133 721 1170 naturales
737 1141 911 1183 tempora
933 1130 1074 1176 colant,
1099 1128 1314 1175 observent,
1334 1138 1375 1165 ut
1390 1128 1435 1164 ad
1455 1129 1550 1172 vires
1569 1129 1878 1180 aetuandasfterrr·

277 1198 347 1239 pus
375 1188 584 1236 requiratur
612 1188 858 1234 nonnullum,
895 1185 940 1222 ad
965 1184 1195 1222 roborandas
1217 1183 1316 1221 bene
1339 1183 1518 1220 multum.
1575 1185 1706 1234 Itaque
1728 1184 1882 1224 motam

276 1243 424 1289 caloris,
466 1242 632 1281 calorem
665 1243 860 1291 aequalem
902 1242 942 1278 in
975 1235 1245 1292 progress'iVam
1293 1240 1331 1275 δ(
1366 1239 1603 1286 inaequalem
1648 1251 1882 1289 convertere,

277 1299 366 1345 quia
389 1298 492 1335 calor
512 1300 550 1335 &
564 1297 787 1335 antecedens
801 1299 838 1334 &
853 1295 1078 1344 subsequens
1090 1292 1200 1331 fimul
1219 1293 1472 1342 conjugantur
1482 1310 1497 1335 ,-
1539 1294 1578 1331 id
1607 1296 1644 1332 &
1671 1296 1712 1332 in
1726 1295 1883 1334 fervori-

278 1351 346 1390 bus
361 1351 647 1399 autumnalibus,
667 1351 751 1401 quia
772 1350 980 1389 fervoribus
1002 1348 1260 1396 solstitialibus,
1293 1350 1330 1385 ὅ(
1363 1349 1404 1384 in
1424 1347 1528 1389 horis
1559 1349 1697 1387 aestivis
1714 1353 1889 1405 pomeri—-

276 1406 410 1455 dimus,
440 1409 528 1457 quia
555 1407 657 1444 horis
682 1405 763 1457 ipsis
781 1404 998 1444 meridianis
1023 1404 1256 1441 ardentiores
1282 1402 1506 1449 sentiuntur,
1535 1403 1771 1443 manifestum
1785 1406 1857 1444 effe
1868 1419 1883 1449 ‘3

278 1463 394 1499 etiam
417 1461 457 1499 in
485 1461 742 1511 frigidioribus
762 1459 979 1511 regioni-bus
998 1459 1234 1496 debilitatem
1266 1456 1411 1504 caloris,
1435 1469 1543 1495 mora
1577 1461 1615 1496 ὅ(
1637 1459 1882 1509 longitudIne

277 1516 429 1567 dierum
445 1517 582 1553 aestivis
596 1516 832 1568 temporibus
854 1515 1084 1564 quandoque
1104 1512 1351 1565 compensari.
1410 1513 1466 1549 At
1484 1514 1602 1550 medii
1615 1517 1829 1565 potentiani
1843 1519 1882 1555 &

279 1567 486 1609 efficaciam
506 1572 548 1609 in
562 1572 687 1609 calore
702 1571 909 1609 deferendo
924 1567 1108 1619 insignem
1122 1568 1203 1606 effe.
1260 1569 1362 1605 Hinc
1385 1569 1489 1604 enim
1512 1570 1881 1618 tempestatumttem-

279 1628 422 1675 periem
445 1638 673 1676 magnopere
687 1628 838 1674 variam,
867 1635 910 1663 ut
929 1626 1080 1663 coelum
1111 1623 1297 1662 indicibili
1326 1623 1573 1661 inconstantia
1594 1636 1660 1676 per
1676 1626 1754 1663 dies
1778 1627 1883 1670 aesti-

280 1692 347 1717 vos
362 1682 534 1730 algidum
547 1682 740 1729 nonnihil,
758 1694 823 1734 per
837 1681 916 1718 dies
930 1681 1121 1730 hyemales
1144 1679 1277 1716 sudum
1293 1678 1522 1728 quandoque
1539 1680 1750 1718 inveniatur
1759 1697 1779 1724 ς
1804 1681 1885 1721 sole

280 1734 433 1772 interim
449 1738 519 1773 iter
534 1736 641 1773 suum
657 1740 694 1774 ὃς
710 1737 823 1789 spatia
844 1735 905 1773 sua
917 1735 1127 1773 constanter
1152 1735 1373 1783 &legitime
1388 1733 1553 1771 servante
1568 1751 1583 1776 ,-
1613 1736 1726 1772 etiam
1743 1735 1885 1786 segetes

282 1792 321 1827 δε
348 1803 434 1827 uvas
462 1791 636 1829 flantibus
664 1793 788 1829 austris
816 1794 854 1830 ὅς
873 1792 985 1829 coelo
1010 1789 1199 1837 nubiloso,
1221 1791 1337 1838 magis
1365 1789 1512 1826 mutari.
1567 1788 1700 1839 Atque
1723 1803 1885 1841 ornnem

279 1847 379 1883 coeli
399 1845 607 1883 secundum
626 1849 741 1885 varias
764 1858 952 1884 annorum
976 1846 1233 1884 revolutiones
1252 1842 1534 1897 dispositionem
1559 1846 1597 1882 ὅ(
1616 1844 1883 1896 excretionem,

279 1901 485 1949 aliquando
512 1902 748 1953 pestilentem
777 1905 815 1940 &
840 1900 1065 1947 morbidam,
1088 1901 1293 1949 aliquando
1323 1899 1506 1936 salubrem
1534 1901 1570 1936 ὅ(
1592 1901 1767 1949 amicam,
1793 1901 1885 1940 hinc

280 1955 427 1993 causam
450 1959 485 1992 δε
502 1956 687 2006 originem
703 1958 869 1999 sumere;
901 1956 1033 1994 medio
1061 1955 1200 1993 scilicet
1234 1958 1316 1993 ae're
1340 1954 1515 2001 variante,
1549 1966 1644 2002 quae
1676 1955 1884 2009 dispositio-

280 2021 372 2046 nem
402 2023 445 2048 ex
473 2010 549 2062 ipsa
570 2008 821 2050 viciflitudine
845 2016 883 2050 ὃ(
906 2013 1126 2049 alteratione
1153 2011 1416 2063 tempestatum
1444 2010 1636 2058 diversam,
1666 2012 1782 2061 longa
1809 2013 1883 2051 for-

281 2064 369 2102 tasse
392 2065 482 2103 serie
503 2065 661 2117 colligit.
720 2064 969 2105 Succeffionis
990 2078 1080 2104 vero
1101 2067 1235 2103 caloris
1258 2076 1370 2115 atque
1385 2065 1527 2105 ordinis
1547 2077 1637 2114 quo*
1654 2067 1758 2105 calor
1782 2069 1888 2106 caio:

279 2131 361 2156 rem
375 2121 631 2170 consequitur,
652 2133 693 2160 ut
710 2124 961 2175 multiplicem
978 2123 1178 2166 rationem,
1206 2123 1259 2158 ita
1275 2121 1464 2158 summam
1483 2120 1663 2158 virtutem
1678 2121 1760 2160 effe.
1803 2124 1881 2162 Ne-

280 2186 355 2223 que
370 2175 490 2213 solem
505 2186 584 2213 tarn
598 2177 840 2215 numerosam
862 2180 899 2215 ὃς
912 2177 1123 2230 prolificam
1138 2178 1426 2226 generationem
1447 2175 1604 2212 educere
1625 2176 1798 2228 potuisse,
1818 2176 1884 2216 nisi

279 2232 453 2281 corporis
468 2231 554 2268 solis
573 2234 763 2270 moventis
777 2231 1028 2282 configuratio
1047 2231 1171 2269 versus
1188 2242 1328 2270 terram
1347 2233 1384 2269 ὅ(
1397 2241 1515 2268 terrae
1529 2240 1671 2280 parte33
1699 2233 1885 2282 plurimae

282 2285 557 2334 inaequalitatis
582 2289 620 2324 &
643 2289 860 2325 variationis
887 2286 1070 2340 particeps
1104 2287 1202 2324 effer.
1258 2289 1367 2326 Narn-
1389 2288 1427 2323 δε
1452 2287 1683 2327 circulariter
1706 2298 1885 2328 movetur

280 2338 350 2386 sol,
381 2344 418 2379 ὅ(
439 2342 565 2393 rapide
596 2344 633 2380 ὅ(
666 2356 708 2381 cx
730 2343 905 2394 obliquo,
939 2345 976 2380 ἃ
1000 2341 1037 2380 se
1058 2342 1200 2390 retexit,
1227 2353 1268 2381 ut
1297 2344 1334 2380 ὅ(
1356 2340 1483 2378 absens
1510 2338 1553 2378 fit
1577 2343 1614 2378 δε
1636 2340 1826 2392 praesenS,¹
1844 2346 1884 2383 δί

281 2395 437 2445 propior
454 2399 492 2434 ὃς
507 2399 693 2435 remotior
708 2401 745 2437 ὃς
759 2400 878 2449 magis
893 2411 936 2436 ex
950 2397 1224 2450 perpendiculo
1234 2415 1249 2440 ,-
1292 2399 1331 2435 &
1357 2398 1476 2446 magis
1500 2407 1543 2432 ex
1571 2397 1746 2446 obliquo,
1773 2400 1812 2436 &
1830 2400 1883 2436 ci-

281 2447 354 2486 tius
369 2451 516 2488 rediens
531 2454 567 2489 ὅ(
584 2454 733 2501 tardius,
752 2449 877 2503 neque
894 2454 977 2491 ullo
1004 2455 1188 2502 temporis
1212 2461 1419 2489 momento
1446 2452 1547 2488 calor
1563 2463 1740 2490 emanans
1762 2464 1783 2490 a
1802 2453 1883 2491 sole

282 2500 349 2539 fibi
365 2504 517 2554 constet,
534 2512 657 2557 neque
673 2509 775 2546 brevi
799 2505 1000 2548 intervallo
1027 2507 1197 2557 usquam,
1226 2505 1307 2555 (nisi
1326 2507 1392 2544 sub
1407 2504 1489 2559 ipsis
1518 2508 1687 2556 tropicis)
1716 2507 1760 2544 se*
1784 2509 1883 2547 resti-

282 2567 386 2599 tuat3
415 2570 456 2597 ut
470 2565 574 2599 tanta
589 2562 747 2601 variatio
765 2565 989 2614 generantis,
1017 2574 1105 2601 cum
1134 2572 1238 2600 tanta
1256 2563 1432 2600 varietate
1447 2563 1614 2611 generati
1634 2563 1784 2612 optime
1794 2575 1885 2602 con·

283 2614 419 2651 veniat.
478 2616 553 2654 Cui
568 2617 653 2656 addi
668 2618 769 2669 posse
784 2620 902 2657 medii
925 2614 996 2656 five
1010 2618 1171 2657 vehiculi
1190 2628 1363 2656 naturam
1378 2612 1666 2655 diversissimam.
1726 2618 1885 2657 Caetera

283 2679 439 2717 quoque
459 2681 552 2718 quae
566 2673 614 2709 de
635 2670 900 2723 inaequalitate
916 2676 953 2712 ὅ(
973 2673 1148 2723 gradibus
1162 2674 1296 2710 caloris
1311 2674 1413 2710 unici
1429 2670 1633 2718 dictasunt,
1650 2672 1750 2722 poffe
1775 2674 1819 2711 ad
1831 2676 1884 2713 vi·

284 2718 518 2761 ciffitudines
546 2728 583 2763 &
611 2728 802 2767 varietates
841 2726 1077 2767 successionis
1111 2730 1152 2765 in
1181 2729 1366 2765 caloribus
1393 2724 1538 2764 diverfis
1565 2726 1699 2764 referri.
1754 2729 1885 2778 Itaque

283 2775 535 2828 Aristotelem
559 2783 639 2819 non
659 2786 757 2822 male
779 2786 1068 2834 generationem
1096 2786 1133 2822 ὅς
1156 2784 1440 2833 corruptionem
1468 2793 1590 2818 rerum
1612 2782 1789 2831 obliquae
1803 2785 1886 2823 viae

283 2832 371 2870 solis
385 2834 597 2882 attribuisse,
622 2847 779 2886 eamque
800 2850 841 2877 ut
857 2835 1087 2877 efficientem
1102 2838 1248 2876 causam
1263 2850 1393 2876 earum
1413 2836 1648 2883 constituiss'e,
1677 2835 1702 2874 fi
1725 2839 1885 2877 libidine

283 2888 567 2937 pronuntiandi,
591 2891 635 2929 &⁷
661 2893 842 2932 arbitrum
876 2904 1028 2932 naturae
1057 2893 1094 2931 se
1125 2894 1293 2943 gerendi,
1336 2895 1374 2930 &
1403 2904 1458 2928 res
1485 2891 1531 2927 ad
1565 2892 1747 2941 placitum
1775 2893 1885 2932 suum

284 2941 541 2994 distinguendi
558 2946 599 2982 ’δὲ
613 2948 879 2996 concinnandi,
904 2950 1000 2986 reete
1023 2950 1223 2987 inventum
1248 2959 1331 2986 non
1353 2944 1578 2997 corrupisset.
1636 2948 1750 2985 illum
1777 2951 1883 2987 enim

285 3000 323 3034 &
347 3001 632 3047 generationem
653 3002 690 3038 ὅ(
713 3005 996 3053 corruptionem
1027 3003 1135 3052 (quae
1155 3014 1351 3052 nunquam
1367 3001 1511 3050 prorsus
1532 3003 1720 3050 privativa,
1744 3001 1807 3040 scd
1822 3014 1884 3054 ge-

282 3054 490 3105 nerationis
510 3052 657 3108 alterius
691 3067 897 3108 praegnans
923 3056 988 3106 est)
1018 3059 1276 3107 inaequalitati
1308 3057 1439 3094 caloris
1475 3055 1561 3097 solis
1591 3055 1795 3095 secundum
1824 3069 1882 3096 to*⁴

284 3115 381 3155 tum‚
404 3109 479 3146 hoc
509 3109 569 3157 est,
605 3110 839 3151 accedentiae
871 3115 906 3148 &
927 3113 1158 3149 recedentiae
1181 3112 1267 3150 solis
1293 3111 1540 3157 conjunslim,
1566 3123 1647 3148 non
1675 3114 1881 3161 generatio-

284 3167 376 3202 nem
390 3164 636 3213 accedentiae‚
647 3165 932 3222 corruptionem
946 3167 1179 3206 recedentiae
1191 3164 1337 3204 divisim
1359 3162 1538 3216 ass'ignare
1557 3166 1719 3206 debuisse
1733 3185 1746 3209 ς
1777 3166 1881 3216 quod

1695 3234 1883 3271 pinguiter

1861 3336 1884 3374 Σ,
