<?xml version="1.0" encoding="UTF-8"?>
<!DOCTYPE html PUBLIC "-//W3C//DTD XHTML 1.0 Transitional//EN"
    "http://www.w3.org/TR/xhtml1/DTD/xhtml1-transitional.dtd">
<html xmlns="http://www.w3.org/1999/xhtml" xml:lang="en" lang="en">
 <head>
  <title>
</title>
<meta http-equiv="Content-Type" content="text/html;charset=utf-8" />
  <meta name='ocr-system' content='tesseract 3.04.00' />
  <meta name='ocr-capabilities' content='ocr_page ocr_carea ocr_par ocr_line ocrx_word'/>
</head>
<body>
  <div class='ocr_page' id='page_1' title='image "./worksoffrancisba02baco_0239.png"; bbox 0 0 1973 3570; ppageno 0'>
   <div class='ocr_carea' id='block_1_1' title="bbox 3 63 15 1214">
    <p class='ocr_par' dir='ltr' id='par_1_1' title="bbox 3 63 15 1214">
     <span class='ocr_line' id='line_1_1' title="bbox 3 63 15 1214; baseline 0 0"><span class='ocrx_word' id='word_1_1' title='bbox 3 63 15 1214; x_wconf 95' lang='lat' dir='ltr'> </span> 
     </span>
    </p>
   </div>
   <div class='ocr_carea' id='block_1_2' title="bbox 1 1198 6 1859">
    <p class='ocr_par' dir='ltr' id='par_1_2' title="bbox 1 1198 6 1859">
     <span class='ocr_line' id='line_1_2' title="bbox 1 1198 6 1859; baseline 0 0"><span class='ocrx_word' id='word_1_2' title='bbox 1 1198 6 1859; x_wconf 95' lang='lat' dir='ltr'> </span> 
     </span>
    </p>
   </div>
   <div class='ocr_carea' id='block_1_3' title="bbox 1 1198 6 1859">
    <p class='ocr_par' dir='ltr' id='par_1_3' title="bbox 1 1198 6 1859">
     <span class='ocr_line' id='line_1_3' title="bbox 1 1198 6 1859; baseline 0 0"><span class='ocrx_word' id='word_1_3' title='bbox 1 1198 6 1859; x_wconf 95' lang='lat' dir='ltr'> </span> 
     </span>
    </p>
   </div>
   <div class='ocr_carea' id='block_1_4' title="bbox 0 2008 5 3283">
    <p class='ocr_par' dir='ltr' id='par_1_4' title="bbox 0 2008 5 3283">
     <span class='ocr_line' id='line_1_4' title="bbox 0 2008 5 3283; baseline 0 0"><span class='ocrx_word' id='word_1_4' title='bbox 0 2008 5 3283; x_wconf 95' lang='lat' dir='ltr'> </span> 
     </span>
    </p>
   </div>
   <div class='ocr_carea' id='block_1_5' title="bbox 317 239 1481 300">
    <p class='ocr_par' dir='ltr' id='par_1_5' title="bbox 317 239 1481 300">
     <span class='ocr_line' id='line_1_5' title="bbox 317 239 1481 300; baseline -0.001 0"><span class='ocrx_word' id='word_1_5' title='bbox 317 252 419 300; x_wconf 89' lang='lat' dir='ltr'>DE</span> <span class='ocrx_word' id='word_1_6' title='bbox 472 239 928 300; x_wconf 70' lang='lat' dir='ltr'>&#39;sECTto&#39;NE</span> <span class='ocrx_word' id='word_1_7' title='bbox 980 250 1481 299; x_wconf 84' lang='lat' dir='ltr'>CORPORUM.</span> 
     </span>
    </p>
   </div>
   <div class='ocr_carea' id='block_1_6' title="bbox 86 344 1704 1340">
    <p class='ocr_par' dir='ltr' id='par_1_6' title="bbox 86 344 1704 1340">
     <span class='ocr_line' id='line_1_6' title="bbox 86 344 1704 404; baseline -0.004 -15"><span class='ocrx_word' id='word_1_8' title='bbox 86 351 148 391; x_wconf 76' lang='lat' dir='ltr'>tur</span> <span class='ocrx_word' id='word_1_9' title='bbox 175 359 320 404; x_wconf 85' lang='lat' dir='ltr'>partem</span> <span class='ocrx_word' id='word_1_10' title='bbox 345 361 459 398; x_wconf 88' lang='lat' dir='ltr'>aquae</span> <span class='ocrx_word' id='word_1_11' title='bbox 481 348 718 386; x_wconf 82' lang='lat' dir='ltr'>subtiliorem</span> <span class='ocrx_word' id='word_1_12' title='bbox 743 349 879 395; x_wconf 84' lang='lat' dir='ltr'>emitti,</span> <span class='ocrx_word' id='word_1_13' title='bbox 910 344 1129 385; x_wconf 77' lang='lat' dir='ltr'>crassiorem</span> <span class='ocrx_word' id='word_1_14' title='bbox 1153 345 1360 389; x_wconf 74' lang='lat' dir='ltr'>subsistere3</span> <span class='ocrx_word' id='word_1_15' title='bbox 1395 359 1437 386; x_wconf 89' lang='lat' dir='ltr'>ut</span> <span class='ocrx_word' id='word_1_16' title='bbox 1461 350 1501 386; x_wconf 92' lang='lat' dir='ltr'>in</span> <span class='ocrx_word' id='word_1_17' title='bbox 1523 350 1630 400; x_wconf 81' lang='lat' dir='ltr'>ligno</span> <span class='ocrx_word' id='word_1_18' title='bbox 1652 352 1704 391; x_wconf 69' lang='lat' dir='ltr'>vi,</span> 
     </span>
     <span class='ocr_line' id='line_1_7' title="bbox 88 403 1703 457; baseline -0.001 -11"><span class='ocrx_word' id='word_1_19' title='bbox 88 408 177 446; x_wconf 85' lang='lat' dir='ltr'>dere</span> <span class='ocrx_word' id='word_1_20' title='bbox 194 406 254 452; x_wconf 85' lang='lat' dir='ltr'>cst,</span> <span class='ocrx_word' id='word_1_21' title='bbox 284 406 348 442; x_wconf 87' lang='lat' dir='ltr'>ubi</span> <span class='ocrx_word' id='word_1_22' title='bbox 369 417 451 457; x_wconf 82' lang='lat' dir='ltr'>pars</span> <span class='ocrx_word' id='word_1_23' title='bbox 476 406 515 441; x_wconf 87' lang='lat' dir='ltr'>in</span> <span class='ocrx_word' id='word_1_24' title='bbox 531 405 683 441; x_wconf 85' lang='lat' dir='ltr'>flamma</span> <span class='ocrx_word' id='word_1_25' title='bbox 707 403 870 441; x_wconf 88' lang='lat' dir='ltr'>&amp;fumo</span> <span class='ocrx_word' id='word_1_26' title='bbox 894 405 1031 450; x_wconf 87' lang='lat' dir='ltr'>evolat,</span> <span class='ocrx_word' id='word_1_27' title='bbox 1061 414 1143 451; x_wconf 84' lang='lat' dir='ltr'>pars</span> <span class='ocrx_word' id='word_1_28' title='bbox 1166 405 1207 440; x_wconf 88' lang='lat' dir='ltr'>in</span> <span class='ocrx_word' id='word_1_29' title='bbox 1223 405 1350 440; x_wconf 89' lang='lat' dir='ltr'>cinere</span> <span class='ocrx_word' id='word_1_30' title='bbox 1372 415 1512 442; x_wconf 86' lang='lat' dir='ltr'>manet.</span> <span class='ocrx_word' id='word_1_31' title='bbox 1572 407 1703 446; x_wconf 87' lang='lat' dir='ltr'>Simile</span> 
     </span>
     <span class='ocr_line' id='line_1_8' title="bbox 90 458 1702 512; baseline 0 -13"><span class='ocrx_word' id='word_1_32' title='bbox 90 461 272 512; x_wconf 76' lang='lat' dir='ltr'>quiddam</span> <span class='ocrx_word' id='word_1_33' title='bbox 301 463 337 498; x_wconf 71' lang='grc' dir='ltr'>δε</span> <span class='ocrx_word' id='word_1_34' title='bbox 365 462 407 497; x_wconf 88' lang='lat' dir='ltr'>in</span> <span class='ocrx_word' id='word_1_35' title='bbox 433 472 525 508; x_wconf 83' lang='lat' dir='ltr'>aqua</span> <span class='ocrx_word' id='word_1_36' title='bbox 549 459 629 496; x_wconf 85' lang='lat' dir='ltr'>fieri</span> <span class='ocrx_word' id='word_1_37' title='bbox 656 460 738 508; x_wconf 90' lang='lat' dir='ltr'>quis</span> <span class='ocrx_word' id='word_1_38' title='bbox 766 469 884 508; x_wconf 88' lang='lat' dir='ltr'>putet,</span> <span class='ocrx_word' id='word_1_39' title='bbox 922 460 1009 495; x_wconf 87' lang='lat' dir='ltr'>licet</span> <span class='ocrx_word' id='word_1_40' title='bbox 1039 469 1120 494; x_wconf 90' lang='lat' dir='ltr'>non</span> <span class='ocrx_word' id='word_1_41' title='bbox 1146 468 1224 495; x_wconf 91' lang='lat' dir='ltr'>tam</span> <span class='ocrx_word' id='word_1_42' title='bbox 1253 458 1463 497; x_wconf 86' lang='lat' dir='ltr'>manifesto.</span> <span class='ocrx_word' id='word_1_43' title='bbox 1520 460 1702 512; x_wconf 80' lang='lat' dir='ltr'>Qamvis</span> 
     </span>
     <span class='ocr_line' id='line_1_9' title="bbox 90 512 1701 565; baseline 0 -11"><span class='ocrx_word' id='word_1_44' title='bbox 90 519 195 555; x_wconf 87' lang='lat' dir='ltr'>enim</span> <span class='ocrx_word' id='word_1_45' title='bbox 219 526 299 553; x_wconf 86' lang='lat' dir='ltr'>tota</span> <span class='ocrx_word' id='word_1_46' title='bbox 319 528 412 564; x_wconf 86' lang='lat' dir='ltr'>aqua</span> <span class='ocrx_word' id='word_1_47' title='bbox 433 515 661 564; x_wconf 75' lang='lat' dir='ltr'>quandoque</span> <span class='ocrx_word' id='word_1_48' title='bbox 677 514 835 551; x_wconf 84' lang='lat' dir='ltr'>ebullire</span> <span class='ocrx_word' id='word_1_49' title='bbox 858 516 895 551; x_wconf 85' lang='lat'>&amp;</span> <span class='ocrx_word' id='word_1_50' title='bbox 911 512 1082 550; x_wconf 86' lang='lat' dir='ltr'>consumi</span> <span class='ocrx_word' id='word_1_51' title='bbox 1106 514 1287 562; x_wconf 85' lang='lat' dir='ltr'>videatur,</span> <span class='ocrx_word' id='word_1_52' title='bbox 1317 524 1446 552; x_wconf 85' lang='lat' dir='ltr'>tamen</span> <span class='ocrx_word' id='word_1_53' title='bbox 1461 514 1580 552; x_wconf 86' lang='lat' dir='ltr'>faeces</span> <span class='ocrx_word' id='word_1_54' title='bbox 1600 518 1701 565; x_wconf 89' lang='lat' dir='ltr'>quas-</span> 
     </span>
     <span class='ocr_line' id='line_1_10' title="bbox 89 567 1702 619; baseline -0.001 -9"><span class='ocrx_word' id='word_1_55' title='bbox 89 573 180 611; x_wconf 88' lang='lat' dir='ltr'>dam</span> <span class='ocrx_word' id='word_1_56' title='bbox 204 572 293 618; x_wconf 84' lang='lat' dir='ltr'>ejus,</span> <span class='ocrx_word' id='word_1_57' title='bbox 331 582 512 619; x_wconf 82' lang='lat' dir='ltr'>tanquam</span> <span class='ocrx_word' id='word_1_58' title='bbox 538 572 716 615; x_wconf 87' lang='lat' dir='ltr'>cinerem,</span> <span class='ocrx_word' id='word_1_59' title='bbox 747 567 817 606; x_wconf 72' lang='lat' dir='ltr'>vast</span> <span class='ocrx_word' id='word_1_60' title='bbox 843 568 1102 606; x_wconf 81' lang='lat' dir='ltr'>adhaerescere</span> <span class='ocrx_word' id='word_1_61' title='bbox 1121 569 1232 619; x_wconf 82' lang='lat' dir='ltr'>posse.</span> <span class='ocrx_word' id='word_1_62' title='bbox 1291 570 1438 608; x_wconf 85' lang='lat' dir='ltr'>Verum</span> <span class='ocrx_word' id='word_1_63' title='bbox 1463 572 1500 608; x_wconf 72' lang='grc' dir='ltr'>ὅ(</span> <span class='ocrx_word' id='word_1_64' title='bbox 1523 569 1584 608; x_wconf 89' lang='lat' dir='ltr'>ista</span> <span class='ocrx_word' id='word_1_65' title='bbox 1607 570 1702 609; x_wconf 88' lang='lat' dir='ltr'>ratio</span> 
     </span>
     <span class='ocr_line' id='line_1_11' title="bbox 88 621 1702 677; baseline 0 -12"><span class='ocrx_word' id='word_1_66' title='bbox 88 629 366 677; x_wconf 79' lang='lat' dir='ltr'>cogitationem</span> <span class='ocrx_word' id='word_1_67' title='bbox 390 627 497 663; x_wconf 89' lang='lat' dir='ltr'>fallit.</span> <span class='ocrx_word' id='word_1_68' title='bbox 556 621 820 662; x_wconf 84' lang='lat' dir='ltr'>Certissimum</span> <span class='ocrx_word' id='word_1_69' title='bbox 844 626 950 662; x_wconf 92' lang='lat' dir='ltr'>enim</span> <span class='ocrx_word' id='word_1_70' title='bbox 975 624 1036 670; x_wconf 89' lang='lat' dir='ltr'>est,</span> <span class='ocrx_word' id='word_1_71' title='bbox 1066 634 1193 662; x_wconf 89' lang='lat' dir='ltr'>totum</span> <span class='ocrx_word' id='word_1_72' title='bbox 1220 636 1355 674; x_wconf 87' lang='lat' dir='ltr'>corpus</span> <span class='ocrx_word' id='word_1_73' title='bbox 1378 629 1493 673; x_wconf 80' lang='lat' dir='ltr'>a&#39;quae</span> <span class='ocrx_word' id='word_1_74' title='bbox 1513 627 1554 662; x_wconf 92' lang='lat' dir='ltr'>in</span> <span class='ocrx_word' id='word_1_75' title='bbox 1578 629 1702 666; x_wconf 72' lang='lat' dir='ltr'>aerem</span> 
     </span>
     <span class='ocr_line' id='line_1_12' title="bbox 89 674 1703 733; baseline -0.001 -13"><span class='ocrx_word' id='word_1_76' title='bbox 89 674 191 733; x_wconf 75' lang='lat' dir='ltr'>poss&#39;e</span> <span class='ocrx_word' id='word_1_77' title='bbox 212 682 359 729; x_wconf 87' lang='lat' dir='ltr'>mutari,</span> <span class='ocrx_word' id='word_1_78' title='bbox 389 684 425 719; x_wconf 76' lang='grc' dir='ltr'>ὃ(</span> <span class='ocrx_word' id='word_1_79' title='bbox 452 678 478 717; x_wconf 84' lang='lat' dir='ltr'>fi</span> <span class='ocrx_word' id='word_1_80' title='bbox 506 681 597 728; x_wconf 90' lang='lat' dir='ltr'>quid</span> <span class='ocrx_word' id='word_1_81' title='bbox 626 677 697 717; x_wconf 76' lang='lat' dir='ltr'>vasi</span> <span class='ocrx_word' id='word_1_82' title='bbox 716 679 960 727; x_wconf 79' lang='lat' dir='ltr'>adhaerescat,</span> <span class='ocrx_word' id='word_1_83' title='bbox 998 680 1037 716; x_wconf 91' lang='lat' dir='ltr'>id</span> <span class='ocrx_word' id='word_1_84' title='bbox 1056 691 1140 716; x_wconf 88' lang='lat' dir='ltr'>non</span> <span class='ocrx_word' id='word_1_85' title='bbox 1167 692 1209 716; x_wconf 89' lang='lat' dir='ltr'>ex</span> <span class='ocrx_word' id='word_1_86' title='bbox 1239 680 1385 718; x_wconf 67' lang='lat' dir='ltr'>delectu</span> <span class='ocrx_word' id='word_1_87' title='bbox 1406 683 1444 718; x_wconf 76' lang='grc' dir='ltr'>ὅ(</span> <span class='ocrx_word' id='word_1_88' title='bbox 1470 681 1703 731; x_wconf 84' lang='lat' dir='ltr'>separatione</span> 
     </span>
     <span class='ocr_line' id='line_1_13' title="bbox 90 733 1701 793; baseline -0.001 -18"><span class='ocrx_word' id='word_1_89' title='bbox 90 740 206 793; x_wconf 87' lang='lat' dir='ltr'>partis</span> <span class='ocrx_word' id='word_1_90' title='bbox 226 733 425 783; x_wconf 84' lang='lat' dir='ltr'>crassi0ris,</span> <span class='ocrx_word' id='word_1_91' title='bbox 454 735 515 773; x_wconf 89' lang='lat' dir='ltr'>sed</span> <span class='ocrx_word' id='word_1_92' title='bbox 536 735 635 773; x_wconf 76' lang='lat' dir='ltr'>forte</span> <span class='ocrx_word' id='word_1_93' title='bbox 653 745 693 772; x_wconf 88' lang='lat' dir='ltr'>ut</span> <span class='ocrx_word' id='word_1_94' title='bbox 713 734 833 784; x_wconf 89' lang='lat' dir='ltr'>aliqua</span> <span class='ocrx_word' id='word_1_95' title='bbox 848 747 930 787; x_wconf 88' lang='lat' dir='ltr'>pars</span> <span class='ocrx_word' id='word_1_96' title='bbox 954 735 1056 782; x_wconf 88' lang='lat' dir='ltr'>(licet</span> <span class='ocrx_word' id='word_1_97' title='bbox 1075 736 1151 784; x_wconf 87' lang='lat' dir='ltr'>pari</span> <span class='ocrx_word' id='word_1_98' title='bbox 1173 736 1340 772; x_wconf 90' lang='lat' dir='ltr'>omnino</span> <span class='ocrx_word' id='word_1_99' title='bbox 1356 747 1443 773; x_wconf 91' lang='lat' dir='ltr'>cum</span> <span class='ocrx_word' id='word_1_100' title='bbox 1464 748 1518 782; x_wconf 87' lang='lat' dir='ltr'>ca,</span> <span class='ocrx_word' id='word_1_101' title='bbox 1548 748 1643 785; x_wconf 84' lang='lat' dir='ltr'>quae</span> <span class='ocrx_word' id='word_1_102' title='bbox 1665 750 1701 774; x_wconf 91' lang='lat' dir='ltr'>e-</span> 
     </span>
     <span class='ocr_line' id='line_1_14' title="bbox 88 789 1699 841; baseline 0 -11"><span class='ocrx_word' id='word_1_103' title='bbox 88 794 204 840; x_wconf 85' lang='lat' dir='ltr'>volat,</span> <span class='ocrx_word' id='word_1_104' title='bbox 245 790 451 840; x_wconf 89' lang='lat' dir='ltr'>substantia)</span> <span class='ocrx_word' id='word_1_105' title='bbox 481 789 549 828; x_wconf 82' lang='lat' dir='ltr'>situ</span> <span class='ocrx_word' id='word_1_106' title='bbox 578 803 638 828; x_wconf 68' lang='lat' dir='ltr'>vas</span> <span class='ocrx_word' id='word_1_107' title='bbox 667 792 845 840; x_wconf 80' lang='lat' dir='ltr'>tetigerit,</span> <span class='ocrx_word' id='word_1_108' title='bbox 885 792 1058 831; x_wconf 81' lang='lat' dir='ltr'>evenire3</span> <span class='ocrx_word' id='word_1_109' title='bbox 1098 791 1212 839; x_wconf 88' lang='lat' dir='ltr'>idque</span> <span class='ocrx_word' id='word_1_110' title='bbox 1246 792 1422 841; x_wconf 82' lang='lat' dir='ltr'>exemplo</span> <span class='ocrx_word' id='word_1_111' title='bbox 1449 794 1596 841; x_wconf 83' lang='lat' dir='ltr'>argenti</span> <span class='ocrx_word' id='word_1_112' title='bbox 1626 793 1699 830; x_wconf 83' lang='lat' dir='ltr'>vivi</span> 
     </span>
     <span class='ocr_line' id='line_1_15' title="bbox 89 845 1701 897; baseline 0 -12"><span class='ocrx_word' id='word_1_113' title='bbox 89 848 276 893; x_wconf 89' lang='lat' dir='ltr'>elucescit,</span> <span class='ocrx_word' id='word_1_114' title='bbox 314 848 418 897; x_wconf 89' lang='lat' dir='ltr'>quod</span> <span class='ocrx_word' id='word_1_115' title='bbox 441 857 568 885; x_wconf 83' lang='lat' dir='ltr'>totum</span> <span class='ocrx_word' id='word_1_116' title='bbox 583 846 625 884; x_wconf 88' lang='lat' dir='ltr'>fit</span> <span class='ocrx_word' id='word_1_117' title='bbox 651 847 817 893; x_wconf 89' lang='lat' dir='ltr'>volatile,</span> <span class='ocrx_word' id='word_1_118' title='bbox 845 849 882 884; x_wconf 80' lang='grc' dir='ltr'>ὅ(</span> <span class='ocrx_word' id='word_1_119' title='bbox 906 845 1029 883; x_wconf 86' lang='lat' dir='ltr'>rursus</span> <span class='ocrx_word' id='word_1_120' title='bbox 1048 856 1177 883; x_wconf 88' lang='lat' dir='ltr'>totum</span> <span class='ocrx_word' id='word_1_121' title='bbox 1200 845 1337 894; x_wconf 84' lang='lat' dir='ltr'>absque</span> <span class='ocrx_word' id='word_1_122' title='bbox 1360 847 1619 885; x_wconf 85' lang='lat' dir='ltr'>diminutione</span> <span class='ocrx_word' id='word_1_123' title='bbox 1640 850 1701 886; x_wconf 89' lang='lat' dir='ltr'>vel</span> 
     </span>
     <span class='ocr_line' id='line_1_16' title="bbox 93 900 1700 953; baseline 0.001 -13"><span class='ocrx_word' id='word_1_124' title='bbox 93 903 241 942; x_wconf 88' lang='lat' dir='ltr'>tantilla</span> <span class='ocrx_word' id='word_1_125' title='bbox 254 901 426 941; x_wconf 79' lang='lat' dir='ltr'>consistit.</span> <span class='ocrx_word' id='word_1_126' title='bbox 486 904 610 939; x_wconf 86' lang='lat' dir='ltr'>Etiam</span> <span class='ocrx_word' id='word_1_127' title='bbox 635 903 675 938; x_wconf 90' lang='lat' dir='ltr'>in</span> <span class='ocrx_word' id='word_1_128' title='bbox 692 902 782 939; x_wconf 90' lang='lat' dir='ltr'>oleo</span> <span class='ocrx_word' id='word_1_129' title='bbox 806 901 1036 953; x_wconf 87' lang='lat' dir='ltr'>lampadum,</span> <span class='ocrx_word' id='word_1_130' title='bbox 1075 904 1111 938; x_wconf 69' lang='grc' dir='ltr'>δε</span> <span class='ocrx_word' id='word_1_131' title='bbox 1136 900 1223 939; x_wconf 90' lang='lat' dir='ltr'>sevo</span> <span class='ocrx_word' id='word_1_132' title='bbox 1245 902 1498 950; x_wconf 82' lang='lat' dir='ltr'>candelarum,</span> <span class='ocrx_word' id='word_1_133' title='bbox 1527 913 1655 941; x_wconf 90' lang='lat' dir='ltr'>toturn</span> <span class='ocrx_word' id='word_1_134' title='bbox 1679 917 1700 942; x_wconf 85' lang='lat' dir='ltr'>a</span> 
     </span>
     <span class='ocr_line' id='line_1_17' title="bbox 86 955 1703 1009; baseline -0.001 -12"><span class='ocrx_word' id='word_1_135' title='bbox 86 958 221 1009; x_wconf 87' lang='lat' dir='ltr'>pingui</span> <span class='ocrx_word' id='word_1_136' title='bbox 236 958 276 996; x_wconf 86' lang='lat' dir='ltr'>fit</span> <span class='ocrx_word' id='word_1_137' title='bbox 300 959 465 1005; x_wconf 87' lang='lat' dir='ltr'>volatile,</span> <span class='ocrx_word' id='word_1_138' title='bbox 494 969 565 995; x_wconf 90' lang='lat' dir='ltr'>nec</span> <span class='ocrx_word' id='word_1_139' title='bbox 588 959 711 1006; x_wconf 90' lang='lat' dir='ltr'>aliqua</span> <span class='ocrx_word' id='word_1_140' title='bbox 725 957 768 994; x_wconf 90' lang='lat' dir='ltr'>fit</span> <span class='ocrx_word' id='word_1_141' title='bbox 792 955 1036 997; x_wconf 66' lang='lat' dir='ltr'>incineratim</span> <span class='ocrx_word' id='word_1_142' title='bbox 1067 969 1156 993; x_wconf 88' lang='lat' dir='ltr'>nam</span> <span class='ocrx_word' id='word_1_143' title='bbox 1171 957 1294 1006; x_wconf 89' lang='lat' dir='ltr'>fuligo</span> <span class='ocrx_word' id='word_1_144' title='bbox 1308 956 1390 1009; x_wconf 92' lang='lat' dir='ltr'>post</span> <span class='ocrx_word' id='word_1_145' title='bbox 1409 957 1601 995; x_wconf 87' lang='lat' dir='ltr'>flammam</span> <span class='ocrx_word' id='word_1_146' title='bbox 1617 970 1703 997; x_wconf 79' lang='lat' dir='ltr'>non¹</span> 
     </span>
     <span class='ocr_line' id='line_1_18' title="bbox 89 1011 1700 1063; baseline 0 -11"><span class='ocrx_word' id='word_1_147' title='bbox 89 1024 177 1052; x_wconf 87' lang='lat' dir='ltr'>ante</span> <span class='ocrx_word' id='word_1_148' title='bbox 195 1014 391 1051; x_wconf 88' lang='lat' dir='ltr'>flammam</span> <span class='ocrx_word' id='word_1_149' title='bbox 407 1015 598 1063; x_wconf 60' lang='lat' dir='ltr'>gignitum</span> <span class='ocrx_word' id='word_1_150' title='bbox 628 1015 665 1050; x_wconf 70' lang='grc' dir='ltr'>δε</span> <span class='ocrx_word' id='word_1_151' title='bbox 685 1013 859 1050; x_wconf 85' lang='lat' dir='ltr'>flammae</span> <span class='ocrx_word' id='word_1_152' title='bbox 878 1012 1046 1058; x_wconf 87' lang='lat' dir='ltr'>cadaver,</span> <span class='ocrx_word' id='word_1_153' title='bbox 1075 1024 1157 1049; x_wconf 90' lang='lat' dir='ltr'>non</span> <span class='ocrx_word' id='word_1_154' title='bbox 1177 1013 1253 1049; x_wconf 90' lang='lat' dir='ltr'>olei</span> <span class='ocrx_word' id='word_1_155' title='bbox 1270 1023 1332 1050; x_wconf 84' lang='lat' dir='ltr'>aut</span> <span class='ocrx_word' id='word_1_156' title='bbox 1349 1011 1421 1050; x_wconf 92' lang='lat' dir='ltr'>sevi</span> <span class='ocrx_word' id='word_1_157' title='bbox 1447 1013 1700 1052; x_wconf 90' lang='lat' dir='ltr'>sedimentum</span> 
     </span>
     <span class='ocr_line' id='line_1_19' title="bbox 90 1065 1700 1119; baseline 0 -12"><span class='ocrx_word' id='word_1_158' title='bbox 90 1070 150 1107; x_wconf 85' lang='lat' dir='ltr'>est.</span> <span class='ocrx_word' id='word_1_159' title='bbox 208 1070 339 1118; x_wconf 88' lang='lat' dir='ltr'>Atque</span> <span class='ocrx_word' id='word_1_160' title='bbox 367 1070 442 1106; x_wconf 87' lang='lat' dir='ltr'>hoc</span> <span class='ocrx_word' id='word_1_161' title='bbox 465 1069 608 1106; x_wconf 90' lang='lat' dir='ltr'>aditum</span> <span class='ocrx_word' id='word_1_162' title='bbox 632 1068 822 1117; x_wconf 87' lang='lat' dir='ltr'>quendam</span> <span class='ocrx_word' id='word_1_163' title='bbox 843 1068 889 1104; x_wconf 88' lang='lat' dir='ltr'>ad</span> <span class='ocrx_word' id='word_1_164' title='bbox 912 1065 1143 1104; x_wconf 75' lang='lat' dir='ltr'>Democriti</span> <span class='ocrx_word' id='word_1_165' title='bbox 1165 1069 1394 1119; x_wconf 74' lang='lat' dir='ltr'>opinionem</span> <span class='ocrx_word' id='word_1_166' title='bbox 1418 1068 1465 1105; x_wconf 94' lang='lat' dir='ltr'>de</span> <span class='ocrx_word' id='word_1_167' title='bbox 1493 1067 1700 1107; x_wconf 80' lang='lat' dir='ltr'>diversitate</span> 
     </span>
     <span class='ocr_line' id='line_1_20' title="bbox 87 1122 1700 1173; baseline 0 -11"><span class='ocrx_word' id='word_1_168' title='bbox 87 1124 277 1162; x_wconf 87' lang='lat' dir='ltr'>seminum</span> <span class='ocrx_word' id='word_1_169' title='bbox 311 1123 382 1162; x_wconf 78' lang='lat' dir='ltr'>five</span> <span class='ocrx_word' id='word_1_170' title='bbox 423 1135 644 1161; x_wconf 89' lang='lat' dir='ltr'>atomorum</span> <span class='ocrx_word' id='word_1_171' title='bbox 685 1122 978 1159; x_wconf 60' lang='lat' dir='ltr'>labefactandam</span> <span class='ocrx_word' id='word_1_172' title='bbox 1016 1122 1176 1173; x_wconf 85' lang='lat' dir='ltr'>praebet.</span> <span class='ocrx_word' id='word_1_173' title='bbox 1234 1122 1412 1169; x_wconf 86' lang='lat' dir='ltr'>Aditum,</span> <span class='ocrx_word' id='word_1_174' title='bbox 1452 1125 1620 1171; x_wconf 81' lang='lat' dir='ltr'>inquam,</span> <span class='ocrx_word' id='word_1_175' title='bbox 1659 1126 1700 1162; x_wconf 83' lang='lat' dir='ltr'>in&#39;</span> 
     </span>
     <span class='ocr_line' id='line_1_21' title="bbox 88 1175 1700 1228; baseline 0 -11"><span class='ocrx_word' id='word_1_176' title='bbox 88 1190 242 1221; x_wconf 83' lang='lat' dir='ltr'>natura;</span> <span class='ocrx_word' id='word_1_177' title='bbox 280 1192 367 1216; x_wconf 88' lang='lat' dir='ltr'>nam</span> <span class='ocrx_word' id='word_1_178' title='bbox 394 1180 434 1216; x_wconf 89' lang='lat' dir='ltr'>in</span> <span class='ocrx_word' id='word_1_179' title='bbox 457 1181 641 1228; x_wconf 90' lang='lat' dir='ltr'>opinione</span> <span class='ocrx_word' id='word_1_180' title='bbox 664 1177 781 1214; x_wconf 87' lang='lat' dir='ltr'>aditus</span> <span class='ocrx_word' id='word_1_181' title='bbox 810 1178 875 1214; x_wconf 90' lang='lat' dir='ltr'>ille</span> <span class='ocrx_word' id='word_1_182' title='bbox 895 1175 945 1213; x_wconf 92' lang='lat' dir='ltr'>est</span> <span class='ocrx_word' id='word_1_183' title='bbox 973 1178 1099 1213; x_wconf 88' lang='lat' dir='ltr'>multo</span> <span class='ocrx_word' id='word_1_184' title='bbox 1119 1177 1278 1213; x_wconf 89' lang='lat' dir='ltr'>mollior</span> <span class='ocrx_word' id='word_1_185' title='bbox 1302 1179 1338 1214; x_wconf 88' lang='lat'>&amp;</span> <span class='ocrx_word' id='word_1_186' title='bbox 1365 1178 1552 1225; x_wconf 90' lang='lat' dir='ltr'>blandior,</span> <span class='ocrx_word' id='word_1_187' title='bbox 1595 1180 1700 1227; x_wconf 89' lang='lat' dir='ltr'>quod</span> 
     </span>
     <span class='ocr_line' id='line_1_22' title="bbox 86 1231 1701 1286; baseline 0 -14"><span class='ocrx_word' id='word_1_188' title='bbox 86 1234 325 1286; x_wconf 85' lang='lat' dir='ltr'>philosophia</span> <span class='ocrx_word' id='word_1_189' title='bbox 352 1236 513 1283; x_wconf 80' lang='lat' dir='ltr'>vulgaris</span> <span class='ocrx_word' id='word_1_190' title='bbox 541 1235 739 1270; x_wconf 83' lang='lat' dir='ltr'>materiam</span> <span class='ocrx_word' id='word_1_191' title='bbox 768 1231 872 1269; x_wconf 88' lang='lat' dir='ltr'>suam</span> <span class='ocrx_word' id='word_1_192' title='bbox 901 1232 1209 1269; x_wconf 81' lang='lat' dir='ltr'>commentitiam</span> <span class='ocrx_word' id='word_1_193' title='bbox 1239 1232 1284 1268; x_wconf 89' lang='lat' dir='ltr'>ad</span> <span class='ocrx_word' id='word_1_194' title='bbox 1309 1243 1444 1269; x_wconf 90' lang='lat' dir='ltr'>omnes</span> <span class='ocrx_word' id='word_1_195' title='bbox 1473 1232 1615 1271; x_wconf 88' lang='lat' dir='ltr'>formas</span> <span class='ocrx_word' id='word_1_196' title='bbox 1645 1246 1701 1272; x_wconf 85' lang='lat' dir='ltr'>ae-</span> 
     </span>
     <span class='ocr_line' id='line_1_23' title="bbox 87 1288 655 1340; baseline -0.005 -12"><span class='ocrx_word' id='word_1_197' title='bbox 87 1301 203 1340; x_wconf 88' lang='lat' dir='ltr'>quam</span> <span class='ocrx_word' id='word_1_198' title='bbox 219 1292 256 1328; x_wconf 85' lang='lat'>&amp;</span> <span class='ocrx_word' id='word_1_199' title='bbox 268 1301 519 1327; x_wconf 87' lang='lat' dir='ltr'>communem</span> <span class='ocrx_word' id='word_1_200' title='bbox 533 1288 655 1338; x_wconf 88' lang='lat' dir='ltr'>fingit.</span> 
     </span>
    </p>
   </div>
   <div class='ocr_carea' id='block_1_7' title="bbox 128 1362 1661 1474">
    <p class='ocr_par' dir='ltr' id='par_1_7' title="bbox 128 1362 1661 1474">
     <span class='ocr_line' id='line_1_24' title="bbox 128 1362 1661 1420; baseline 0.001 -16"><span class='ocrx_word' id='word_1_201' title='bbox 128 1377 166 1418; x_wconf 82' lang='lat'>3.</span> <span class='ocrx_word' id='word_1_202' title='bbox 182 1364 256 1405; x_wconf 84' lang='lat' dir='ltr'>‘De</span> <span class='ocrx_word' id='word_1_203' title='bbox 271 1364 508 1420; x_wconf 75' lang='lat' dir='ltr'>negltgentia</span> <span class='ocrx_word' id='word_1_204' title='bbox 520 1373 698 1405; x_wconf 79' lang='lat' dir='ltr'>veterum</span> <span class='ocrx_word' id='word_1_205' title='bbox 709 1364 751 1404; x_wconf 83' lang='lat' dir='ltr'>in</span> <span class='ocrx_word' id='word_1_206' title='bbox 762 1362 1005 1419; x_wconf 81' lang='lat' dir='ltr'>inquisttione</span> <span class='ocrx_word' id='word_1_207' title='bbox 1016 1363 1063 1404; x_wconf 89' lang='lat' dir='ltr'>de</span> <span class='ocrx_word' id='word_1_208' title='bbox 1074 1372 1191 1415; x_wconf 86' lang='lat' dir='ltr'>motu,</span> <span class='ocrx_word' id='word_1_209' title='bbox 1214 1363 1262 1409; x_wconf 77' lang='lat'><em>&amp;</em></span> <span class='ocrx_word' id='word_1_210' title='bbox 1275 1364 1522 1406; x_wconf 74' lang='lat' dir='ltr'>moventibus</span> <span class='ocrx_word' id='word_1_211' title='bbox 1534 1379 1661 1406; x_wconf 81' lang='lat' dir='ltr'>rerum</span> 
     </span>
     <span class='ocr_line' id='line_1_25' title="bbox 776 1421 999 1474; baseline -0.004 -15"><span class='ocrx_word' id='word_1_212' title='bbox 776 1421 999 1474; x_wconf 70' lang='lat' dir='ltr'>principiis.</span> 
     </span>
    </p>
   </div>
   <div class='ocr_carea' id='block_1_8' title="bbox 85 1495 1707 3151">
    <p class='ocr_par' dir='ltr' id='par_1_8' title="bbox 85 1495 1707 3151">
     <span class='ocr_line' id='line_1_26' title="bbox 140 1495 1703 1548; baseline 0.001 -14"><span class='ocrx_word' id='word_1_213' title='bbox 140 1496 196 1534; x_wconf 83' lang='lat' dir='ltr'>IN</span> <span class='ocrx_word' id='word_1_214' title='bbox 206 1507 269 1548; x_wconf 65' lang='lat' dir='ltr'>qu</span> <span class='ocrx_word' id='word_1_215' title='bbox 278 1507 319 1533; x_wconf 82' lang='lat' dir='ltr'>ts</span> <span class='ocrx_word' id='word_1_216' title='bbox 329 1507 343 1533; x_wconf 96' lang='lat'>1</span> <span class='ocrx_word' id='word_1_217' title='bbox 353 1507 377 1533; x_wconf 86' lang='lat' dir='ltr'>T</span> <span class='ocrx_word' id='word_1_218' title='bbox 388 1507 403 1533; x_wconf 93' lang='lat'>1</span> <span class='ocrx_word' id='word_1_219' title='bbox 412 1507 475 1534; x_wconf 82' lang='lat' dir='ltr'>oN</span> <span class='ocrx_word' id='word_1_220' title='bbox 485 1507 507 1533; x_wconf 85' lang='lat' dir='ltr'>E</span> <span class='ocrx_word' id='word_1_221' title='bbox 516 1506 551 1532; x_wconf 91' lang='grc' dir='ltr'>Μ</span> <span class='ocrx_word' id='word_1_222' title='bbox 566 1495 758 1534; x_wconf 87' lang='lat' dir='ltr'>denatura</span> <span class='ocrx_word' id='word_1_223' title='bbox 773 1496 814 1532; x_wconf 89' lang='lat' dir='ltr'>in</span> <span class='ocrx_word' id='word_1_224' title='bbox 828 1505 940 1533; x_wconf 91' lang='lat' dir='ltr'>motu</span> <span class='ocrx_word' id='word_1_225' title='bbox 954 1496 1256 1545; x_wconf 88' lang='lat' dir='ltr'>contemplando</span> <span class='ocrx_word' id='word_1_226' title='bbox 1269 1497 1308 1534; x_wconf 71' lang='grc' dir='ltr'>δ(</span> <span class='ocrx_word' id='word_1_227' title='bbox 1321 1498 1575 1536; x_wconf 83' lang='lat' dir='ltr'>examinando</span> <span class='ocrx_word' id='word_1_228' title='bbox 1589 1501 1703 1537; x_wconf 87' lang='lat' dir='ltr'>maxi-</span> 
     </span>
     <span class='ocr_line' id='line_1_27' title="bbox 86 1550 1703 1604; baseline 0.002 -15"><span class='ocrx_word' id='word_1_229' title='bbox 86 1563 152 1589; x_wconf 88' lang='lat' dir='ltr'>me</span> <span class='ocrx_word' id='word_1_230' title='bbox 179 1553 380 1600; x_wconf 79' lang='lat' dir='ltr'>collocare,</span> <span class='ocrx_word' id='word_1_231' title='bbox 417 1553 494 1598; x_wconf 88' lang='lat' dir='ltr'>ejus</span> <span class='ocrx_word' id='word_1_232' title='bbox 520 1550 580 1598; x_wconf 90' lang='lat' dir='ltr'>est,</span> <span class='ocrx_word' id='word_1_233' title='bbox 617 1552 684 1600; x_wconf 90' lang='lat' dir='ltr'>qui</span> <span class='ocrx_word' id='word_1_234' title='bbox 711 1562 826 1600; x_wconf 87' lang='lat' dir='ltr'>opera</span> <span class='ocrx_word' id='word_1_235' title='bbox 850 1551 999 1601; x_wconf 59' lang='lat' dir='ltr'>speiiet.</span> <span class='ocrx_word' id='word_1_236' title='bbox 1055 1552 1195 1603; x_wconf 82' lang='lat' dir='ltr'>Qieta</span> <span class='ocrx_word' id='word_1_237' title='bbox 1216 1561 1343 1590; x_wconf 89' lang='lat' dir='ltr'>autem</span> <span class='ocrx_word' id='word_1_238' title='bbox 1372 1565 1496 1590; x_wconf 90' lang='lat' dir='ltr'>rerum</span> <span class='ocrx_word' id='word_1_239' title='bbox 1518 1556 1703 1604; x_wconf 78' lang='lat' dir='ltr'>principia</span> 
     </span>
     <span class='ocr_line' id='line_1_28' title="bbox 86 1605 1700 1658; baseline 0.001 -13"><span class='ocrx_word' id='word_1_240' title='bbox 86 1607 340 1656; x_wconf 83' lang='lat' dir='ltr'>contemplari</span> <span class='ocrx_word' id='word_1_241' title='bbox 366 1617 428 1645; x_wconf 88' lang='lat' dir='ltr'>aut</span> <span class='ocrx_word' id='word_1_242' title='bbox 452 1605 704 1653; x_wconf 87' lang='lat' dir='ltr'>comminisci,</span> <span class='ocrx_word' id='word_1_243' title='bbox 734 1618 870 1643; x_wconf 90' lang='lat' dir='ltr'>eorum</span> <span class='ocrx_word' id='word_1_244' title='bbox 895 1606 944 1644; x_wconf 93' lang='lat' dir='ltr'>est</span> <span class='ocrx_word' id='word_1_245' title='bbox 962 1607 1027 1655; x_wconf 89' lang='lat' dir='ltr'>qui</span> <span class='ocrx_word' id='word_1_246' title='bbox 1044 1606 1237 1644; x_wconf 87' lang='lat' dir='ltr'>sermones</span> <span class='ocrx_word' id='word_1_247' title='bbox 1260 1607 1392 1655; x_wconf 88' lang='lat' dir='ltr'>serere,</span> <span class='ocrx_word' id='word_1_248' title='bbox 1422 1611 1460 1646; x_wconf 74' lang='grc' dir='ltr'>ὃ(</span> <span class='ocrx_word' id='word_1_249' title='bbox 1482 1609 1700 1658; x_wconf 82' lang='lat' dir='ltr'>disputatio·</span> 
     </span>
     <span class='ocr_line' id='line_1_29' title="bbox 87 1656 1701 1714; baseline 0.002 -14"><span class='ocrx_word' id='word_1_250' title='bbox 87 1656 155 1700; x_wconf 82' lang='lat' dir='ltr'>nes</span> <span class='ocrx_word' id='word_1_251' title='bbox 170 1663 268 1699; x_wconf 88' lang='lat' dir='ltr'>alere</span> <span class='ocrx_word' id='word_1_252' title='bbox 290 1663 421 1701; x_wconf 92' lang='lat' dir='ltr'>velint.</span> <span class='ocrx_word' id='word_1_253' title='bbox 476 1663 615 1714; x_wconf 73' lang='lat' dir='ltr'>Quieta</span> <span class='ocrx_word' id='word_1_254' title='bbox 641 1672 768 1700; x_wconf 89' lang='lat' dir='ltr'>autem</span> <span class='ocrx_word' id='word_1_255' title='bbox 783 1674 882 1700; x_wconf 91' lang='lat' dir='ltr'>voco</span> <span class='ocrx_word' id='word_1_256' title='bbox 906 1663 1101 1714; x_wconf 87' lang='lat' dir='ltr'>principia,</span> <span class='ocrx_word' id='word_1_257' title='bbox 1131 1674 1226 1711; x_wconf 91' lang='lat' dir='ltr'>quae</span> <span class='ocrx_word' id='word_1_258' title='bbox 1245 1663 1386 1700; x_wconf 89' lang='lat' dir='ltr'>docent</span> <span class='ocrx_word' id='word_1_259' title='bbox 1416 1675 1459 1700; x_wconf 85' lang='lat' dir='ltr'>ex</span> <span class='ocrx_word' id='word_1_260' title='bbox 1485 1665 1620 1712; x_wconf 89' lang='lat' dir='ltr'>quibus</span> <span class='ocrx_word' id='word_1_261' title='bbox 1643 1678 1701 1703; x_wconf 87' lang='lat' dir='ltr'>res</span> 
     </span>
     <span class='ocr_line' id='line_1_30' title="bbox 87 1714 1702 1768; baseline 0.001 -12"><span class='ocrx_word' id='word_1_262' title='bbox 87 1717 304 1757; x_wconf 83' lang='lat' dir='ltr'>conflentur</span> <span class='ocrx_word' id='word_1_263' title='bbox 326 1720 363 1755; x_wconf 87' lang='lat'>&amp;</span> <span class='ocrx_word' id='word_1_264' title='bbox 386 1714 594 1764; x_wconf 78' lang='lat' dir='ltr'>consistant,</span> <span class='ocrx_word' id='word_1_265' title='bbox 624 1730 706 1755; x_wconf 90' lang='lat' dir='ltr'>non</span> <span class='ocrx_word' id='word_1_266' title='bbox 730 1727 857 1755; x_wconf 87' lang='lat' dir='ltr'>autem</span> <span class='ocrx_word' id='word_1_267' title='bbox 872 1730 945 1766; x_wconf 87' lang='lat' dir='ltr'>qua</span> <span class='ocrx_word' id='word_1_268' title='bbox 969 1719 1006 1754; x_wconf 89' lang='lat' dir='ltr'>vi</span> <span class='ocrx_word' id='word_1_269' title='bbox 1027 1720 1066 1755; x_wconf 70' lang='grc' dir='ltr'>ὃς</span> <span class='ocrx_word' id='word_1_270' title='bbox 1084 1719 1143 1755; x_wconf 90' lang='lat' dir='ltr'>via</span> <span class='ocrx_word' id='word_1_271' title='bbox 1158 1718 1378 1756; x_wconf 86' lang='lat' dir='ltr'>coalescant.</span> <span class='ocrx_word' id='word_1_272' title='bbox 1436 1721 1575 1768; x_wconf 89' lang='lat' dir='ltr'>Neque</span> <span class='ocrx_word' id='word_1_273' title='bbox 1595 1722 1702 1758; x_wconf 89' lang='lat' dir='ltr'>enim</span> 
     </span>
     <span class='ocr_line' id='line_1_31' title="bbox 87 1770 1703 1825; baseline 0.001 -13"><span class='ocrx_word' id='word_1_274' title='bbox 87 1773 362 1823; x_wconf 82' lang='lat' dir='ltr'>adagendum,</span> <span class='ocrx_word' id='word_1_275' title='bbox 392 1776 429 1810; x_wconf 76' lang='grc' dir='ltr'>ὅ(</span> <span class='ocrx_word' id='word_1_276' title='bbox 451 1772 673 1823; x_wconf 87' lang='lat' dir='ltr'>potestatem</span> <span class='ocrx_word' id='word_1_277' title='bbox 693 1770 764 1811; x_wconf 86' lang='lat' dir='ltr'>five</span> <span class='ocrx_word' id='word_1_278' title='bbox 786 1774 1053 1825; x_wconf 88' lang='lat' dir='ltr'>operationem</span> <span class='ocrx_word' id='word_1_279' title='bbox 1078 1773 1284 1810; x_wconf 85' lang='lat' dir='ltr'>humanam</span> <span class='ocrx_word' id='word_1_280' title='bbox 1307 1773 1608 1824; x_wconf 88' lang='lat' dir='ltr'>amplificandam</span> <span class='ocrx_word' id='word_1_281' title='bbox 1631 1776 1703 1813; x_wconf 90' lang='lat' dir='ltr'>suf-</span> 
     </span>
     <span class='ocr_line' id='line_1_32' title="bbox 87 1828 1704 1880; baseline 0.001 -13"><span class='ocrx_word' id='word_1_282' title='bbox 87 1828 178 1875; x_wconf 88' lang='lat' dir='ltr'>ficit,</span> <span class='ocrx_word' id='word_1_283' title='bbox 206 1838 268 1866; x_wconf 87' lang='lat' dir='ltr'>aut</span> <span class='ocrx_word' id='word_1_284' title='bbox 294 1840 524 1880; x_wconf 81' lang='lat' dir='ltr'>magnopere</span> <span class='ocrx_word' id='word_1_285' title='bbox 551 1830 701 1875; x_wconf 89' lang='lat' dir='ltr'>attinet,</span> <span class='ocrx_word' id='word_1_286' title='bbox 731 1828 836 1866; x_wconf 84' lang='lat' dir='ltr'>noffe</span> <span class='ocrx_word' id='word_1_287' title='bbox 860 1841 902 1866; x_wconf 84' lang='lat' dir='ltr'>ex</span> <span class='ocrx_word' id='word_1_288' title='bbox 918 1828 1054 1877; x_wconf 91' lang='lat' dir='ltr'>quibus</span> <span class='ocrx_word' id='word_1_289' title='bbox 1077 1840 1135 1866; x_wconf 90' lang='lat' dir='ltr'>res</span> <span class='ocrx_word' id='word_1_290' title='bbox 1155 1828 1338 1877; x_wconf 88' lang='lat' dir='ltr'>constent,</span> <span class='ocrx_word' id='word_1_291' title='bbox 1367 1828 1393 1867; x_wconf 82' lang='lat' dir='ltr'>fi</span> <span class='ocrx_word' id='word_1_292' title='bbox 1414 1830 1556 1868; x_wconf 89' lang='lat' dir='ltr'>modos</span> <span class='ocrx_word' id='word_1_293' title='bbox 1571 1833 1607 1868; x_wconf 90' lang='lat'>&amp;</span> <span class='ocrx_word' id='word_1_294' title='bbox 1627 1832 1704 1869; x_wconf 88' lang='lat' dir='ltr'>vias</span> 
     </span>
     <span class='ocr_line' id='line_1_33' title="bbox 88 1883 1704 1938; baseline 0.001 -16"><span class='ocrx_word' id='word_1_295' title='bbox 88 1885 352 1922; x_wconf 78' lang='lat' dir='ltr'>mutationum</span> <span class='ocrx_word' id='word_1_296' title='bbox 381 1886 419 1921; x_wconf 69' lang='grc' dir='ltr'>ὅ(</span> <span class='ocrx_word' id='word_1_297' title='bbox 444 1883 828 1922; x_wconf 87' lang='lat' dir='ltr'>transformationum</span> <span class='ocrx_word' id='word_1_298' title='bbox 854 1883 1017 1934; x_wconf 85' lang='lat' dir='ltr'>ignorcS.</span> <span class='ocrx_word' id='word_1_299' title='bbox 1073 1885 1178 1922; x_wconf 92' lang='lat' dir='ltr'>Nam</span> <span class='ocrx_word' id='word_1_300' title='bbox 1205 1883 1357 1934; x_wconf 88' lang='lat' dir='ltr'>sumpto</span> <span class='ocrx_word' id='word_1_301' title='bbox 1382 1887 1559 1938; x_wconf 89' lang='lat' dir='ltr'>exemplo</span> <span class='ocrx_word' id='word_1_302' title='bbox 1578 1898 1598 1923; x_wconf 89' lang='lat' dir='ltr'>a</span> <span class='ocrx_word' id='word_1_303' title='bbox 1625 1896 1704 1923; x_wconf 89' lang='lat' dir='ltr'>me-</span> 
     </span>
     <span class='ocr_line' id='line_1_34' title="bbox 88 1937 1701 1991; baseline 0.001 -14"><span class='ocrx_word' id='word_1_304' title='bbox 88 1937 251 1977; x_wconf 89' lang='lat' dir='ltr'>chanicis</span> <span class='ocrx_word' id='word_1_305' title='bbox 274 1939 307 1985; x_wconf 87' lang='lat' dir='ltr'>(a</span> <span class='ocrx_word' id='word_1_306' title='bbox 327 1951 486 1987; x_wconf 84' lang='lat' dir='ltr'>quarum</span> <span class='ocrx_word' id='word_1_307' title='bbox 508 1937 695 1991; x_wconf 81' lang='lat' dir='ltr'>phantasia</span> <span class='ocrx_word' id='word_1_308' title='bbox 720 1939 884 1977; x_wconf 88' lang='lat' dir='ltr'>celebres</span> <span class='ocrx_word' id='word_1_309' title='bbox 907 1940 993 1976; x_wconf 90' lang='lat' dir='ltr'>illae</span> <span class='ocrx_word' id='word_1_310' title='bbox 1007 1939 1055 1976; x_wconf 86' lang='lat' dir='ltr'>dc</span> <span class='ocrx_word' id='word_1_311' title='bbox 1078 1941 1273 1991; x_wconf 87' lang='lat' dir='ltr'>principiis</span> <span class='ocrx_word' id='word_1_312' title='bbox 1289 1953 1417 1978; x_wconf 91' lang='lat' dir='ltr'>rerum</span> <span class='ocrx_word' id='word_1_313' title='bbox 1440 1939 1701 1990; x_wconf 75' lang='lat' dir='ltr'>inquisitiones</span> 
     </span>
     <span class='ocr_line' id='line_1_35' title="bbox 87 1993 1703 2048; baseline 0.001 -17"><span class='ocrx_word' id='word_1_314' title='bbox 87 1993 227 2032; x_wconf 81' lang='lat' dir='ltr'>fluxiss&#39;e</span> <span class='ocrx_word' id='word_1_315' title='bbox 249 1993 420 2032; x_wconf 87' lang='lat' dir='ltr'>videntur</span> <span class='ocrx_word' id='word_1_316' title='bbox 432 1995 458 2042; x_wconf 78' lang='lat'>3)</span> <span class='ocrx_word' id='word_1_317' title='bbox 488 2006 536 2031; x_wconf 89' lang='lat' dir='ltr'>an</span> <span class='ocrx_word' id='word_1_318' title='bbox 550 1994 651 2032; x_wconf 90' lang='lat' dir='ltr'>forte</span> <span class='ocrx_word' id='word_1_319' title='bbox 664 1996 730 2043; x_wconf 90' lang='lat' dir='ltr'>qui</span> <span class='ocrx_word' id='word_1_320' title='bbox 750 1993 929 2044; x_wconf 78' lang='lat' dir='ltr'>simplicia</span> <span class='ocrx_word' id='word_1_321' title='bbox 943 1994 1148 2032; x_wconf 87' lang='lat' dir='ltr'>theriacam</span> <span class='ocrx_word' id='word_1_322' title='bbox 1162 1996 1416 2046; x_wconf 80' lang='lat' dir='ltr'>ingredientia</span> <span class='ocrx_word' id='word_1_323' title='bbox 1435 1998 1556 2043; x_wconf 90' lang='lat' dir='ltr'>novit,</span> <span class='ocrx_word' id='word_1_324' title='bbox 1586 1998 1616 2033; x_wconf 91' lang='lat' dir='ltr'>is</span> <span class='ocrx_word' id='word_1_325' title='bbox 1630 2009 1703 2048; x_wconf 91' lang='lat' dir='ltr'>pro</span> 
     </span>
     <span class='ocr_line' id='line_1_36' title="bbox 89 2048 1703 2104; baseline 0.001 -17"><span class='ocrx_word' id='word_1_326' title='bbox 89 2059 197 2087; x_wconf 90' lang='lat' dir='ltr'>certo</span> <span class='ocrx_word' id='word_1_327' title='bbox 216 2048 420 2087; x_wconf 89' lang='lat' dir='ltr'>theriacam</span> <span class='ocrx_word' id='word_1_328' title='bbox 439 2061 673 2101; x_wconf 87' lang='lat' dir='ltr'>componere</span> <span class='ocrx_word' id='word_1_329' title='bbox 688 2049 827 2100; x_wconf 84' lang='lat' dir='ltr'>potest?</span> <span class='ocrx_word' id='word_1_330' title='bbox 856 2049 939 2088; x_wconf 91' lang='lat' dir='ltr'>Aut</span> <span class='ocrx_word' id='word_1_331' title='bbox 954 2051 1020 2099; x_wconf 89' lang='lat' dir='ltr'>qui</span> <span class='ocrx_word' id='word_1_332' title='bbox 1043 2049 1216 2099; x_wconf 89' lang='lat' dir='ltr'>sacchari,</span> <span class='ocrx_word' id='word_1_333' title='bbox 1245 2052 1346 2099; x_wconf 90' lang='lat' dir='ltr'>vitri,</span> <span class='ocrx_word' id='word_1_334' title='bbox 1374 2053 1503 2104; x_wconf 89' lang='lat' dir='ltr'>panni,</span> <span class='ocrx_word' id='word_1_335' title='bbox 1532 2053 1703 2088; x_wconf 89' lang='lat' dir='ltr'>materia-</span> 
     </span>
     <span class='ocr_line' id='line_1_37' title="bbox 86 2103 1703 2158; baseline 0.001 -16"><span class='ocrx_word' id='word_1_336' title='bbox 86 2106 139 2142; x_wconf 88' lang='lat' dir='ltr'>lia</span> <span class='ocrx_word' id='word_1_337' title='bbox 153 2104 251 2142; x_wconf 62' lang='lat' dir='ltr'>reoste</span> <span class='ocrx_word' id='word_1_338' title='bbox 267 2103 447 2154; x_wconf 91' lang='lat' dir='ltr'>descripta</span> <span class='ocrx_word' id='word_1_339' title='bbox 466 2105 563 2154; x_wconf 89' lang='lat' dir='ltr'>apud</span> <span class='ocrx_word' id='word_1_340' title='bbox 579 2104 615 2142; x_wconf 90' lang='lat' dir='ltr'>se</span> <span class='ocrx_word' id='word_1_341' title='bbox 635 2105 758 2152; x_wconf 87' lang='lat' dir='ltr'>habet,</span> <span class='ocrx_word' id='word_1_342' title='bbox 787 2117 881 2143; x_wconf 90' lang='lat' dir='ltr'>num</span> <span class='ocrx_word' id='word_1_343' title='bbox 897 2115 1096 2157; x_wconf 87' lang='lat' dir='ltr'>propterea</span> <span class='ocrx_word' id='word_1_344' title='bbox 1114 2117 1247 2153; x_wconf 90' lang='lat' dir='ltr'>artem,</span> <span class='ocrx_word' id='word_1_345' title='bbox 1276 2118 1371 2155; x_wconf 91' lang='lat' dir='ltr'>quac</span> <span class='ocrx_word' id='word_1_346' title='bbox 1386 2108 1431 2144; x_wconf 92' lang='lat' dir='ltr'>ad</span> <span class='ocrx_word' id='word_1_347' title='bbox 1452 2119 1588 2144; x_wconf 89' lang='lat' dir='ltr'>eorum</span> <span class='ocrx_word' id='word_1_348' title='bbox 1602 2119 1703 2158; x_wconf 88' lang='lat' dir='ltr'>prae-</span> 
     </span>
     <span class='ocr_line' id='line_1_38' title="bbox 85 2159 1704 2211; baseline 0.001 -14"><span class='ocrx_word' id='word_1_349' title='bbox 85 2161 324 2210; x_wconf 81' lang='lat' dir='ltr'>parationem</span> <span class='ocrx_word' id='word_1_350' title='bbox 346 2162 384 2196; x_wconf 87' lang='lat'>&amp;</span> <span class='ocrx_word' id='word_1_351' title='bbox 398 2159 640 2197; x_wconf 68' lang='lat' dir='ltr'>effectionem</span> <span class='ocrx_word' id='word_1_352' title='bbox 659 2162 835 2210; x_wconf 84' lang='lat' dir='ltr'>pertinet,</span> <span class='ocrx_word' id='word_1_353' title='bbox 863 2171 994 2198; x_wconf 87' lang='lat' dir='ltr'>tenere</span> <span class='ocrx_word' id='word_1_354' title='bbox 1016 2161 1186 2199; x_wconf 82' lang='lat' dir='ltr'>videtur?</span> <span class='ocrx_word' id='word_1_355' title='bbox 1213 2162 1345 2211; x_wconf 89' lang='lat' dir='ltr'>Atque</span> <span class='ocrx_word' id='word_1_356' title='bbox 1360 2163 1400 2199; x_wconf 89' lang='lat' dir='ltr'>in</span> <span class='ocrx_word' id='word_1_357' title='bbox 1421 2161 1638 2207; x_wconf 87' lang='lat' dir='ltr'>hujusmodi</span> <span class='ocrx_word' id='word_1_358' title='bbox 1653 2172 1704 2199; x_wconf 88' lang='lat' dir='ltr'>ta—</span> 
     </span>
     <span class='ocr_line' id='line_1_39' title="bbox 87 2216 1707 2266; baseline 0.002 -15"><span class='ocrx_word' id='word_1_359' title='bbox 87 2227 178 2252; x_wconf 88' lang='lat' dir='ltr'>men</span> <span class='ocrx_word' id='word_1_360' title='bbox 193 2216 386 2264; x_wconf 88' lang='lat' dir='ltr'>principiis</span> <span class='ocrx_word' id='word_1_361' title='bbox 407 2216 569 2252; x_wconf 87' lang='lat' dir='ltr'>mortuis</span> <span class='ocrx_word' id='word_1_362' title='bbox 589 2216 847 2266; x_wconf 87' lang='lat' dir='ltr'>investigandis</span> <span class='ocrx_word' id='word_1_363' title='bbox 867 2219 904 2253; x_wconf 87' lang='lat'>&amp;</span> <span class='ocrx_word' id='word_1_364' title='bbox 927 2217 1182 2255; x_wconf 85' lang='lat' dir='ltr'>examinandis</span> <span class='ocrx_word' id='word_1_365' title='bbox 1200 2217 1406 2256; x_wconf 89' lang='lat' dir='ltr'>hominum</span> <span class='ocrx_word' id='word_1_366' title='bbox 1430 2216 1707 2266; x_wconf 80' lang='lat' dir='ltr'>speculationes</span> 
     </span>
     <span class='ocr_line' id='line_1_40' title="bbox 87 2269 1701 2321; baseline 0.002 -15"><span class='ocrx_word' id='word_1_367' title='bbox 87 2271 285 2320; x_wconf 86' lang='lat' dir='ltr'>praecipue</span> <span class='ocrx_word' id='word_1_368' title='bbox 304 2280 506 2320; x_wconf 87' lang='lat' dir='ltr'>occupatae</span> <span class='ocrx_word' id='word_1_369' title='bbox 531 2270 638 2311; x_wconf 77' lang='lat' dir='ltr'>sunt3</span> <span class='ocrx_word' id='word_1_370' title='bbox 666 2282 708 2308; x_wconf 89' lang='lat' dir='ltr'>ac</span> <span class='ocrx_word' id='word_1_371' title='bbox 727 2269 753 2308; x_wconf 84' lang='lat' dir='ltr'>fi</span> <span class='ocrx_word' id='word_1_372' title='bbox 773 2273 855 2320; x_wconf 92' lang='lat' dir='ltr'>quis</span> <span class='ocrx_word' id='word_1_373' title='bbox 870 2271 1057 2309; x_wconf 88' lang='lat' dir='ltr'>cadaveris</span> <span class='ocrx_word' id='word_1_374' title='bbox 1081 2282 1237 2310; x_wconf 85' lang='lat' dir='ltr'>naturae</span> <span class='ocrx_word' id='word_1_375' title='bbox 1259 2273 1492 2310; x_wconf 87' lang='lat' dir='ltr'>anatomiam</span> <span class='ocrx_word' id='word_1_376' title='bbox 1508 2270 1701 2321; x_wconf 87' lang='lat' dir='ltr'>inspicere,</span> 
     </span>
     <span class='ocr_line' id='line_1_41' title="bbox 88 2324 1698 2378; baseline 0.001 -16"><span class='ocrx_word' id='word_1_377' title='bbox 88 2337 172 2375; x_wconf 87' lang='lat' dir='ltr'>non</span> <span class='ocrx_word' id='word_1_378' title='bbox 195 2334 349 2362; x_wconf 87' lang='lat' dir='ltr'>naturae</span> <span class='ocrx_word' id='word_1_379' title='bbox 371 2327 476 2364; x_wconf 84' lang='lat' dir='ltr'>vivae</span> <span class='ocrx_word' id='word_1_380' title='bbox 492 2324 685 2363; x_wconf 89' lang='lat' dir='ltr'>facultates</span> <span class='ocrx_word' id='word_1_381' title='bbox 708 2328 746 2363; x_wconf 73' lang='grc' dir='ltr'>ὅ(</span> <span class='ocrx_word' id='word_1_382' title='bbox 767 2328 924 2364; x_wconf 87' lang='lat' dir='ltr'>virtutes</span> <span class='ocrx_word' id='word_1_383' title='bbox 944 2326 1136 2374; x_wconf 82' lang='lat' dir='ltr'>inquirere</span> <span class='ocrx_word' id='word_1_384' title='bbox 1158 2325 1224 2364; x_wconf 87' lang='lat' dir='ltr'>fibi</span> <span class='ocrx_word' id='word_1_385' title='bbox 1249 2337 1441 2378; x_wconf 86' lang='lat' dir='ltr'>proponat</span> <span class='ocrx_word' id='word_1_386' title='bbox 1466 2328 1504 2364; x_wconf 90' lang='lat'>&amp;</span> <span class='ocrx_word' id='word_1_387' title='bbox 1528 2325 1698 2364; x_wconf 87' lang='lat' dir='ltr'>destinet.</span> 
     </span>
     <span class='ocr_line' id='line_1_42' title="bbox 87 2379 1704 2430; baseline 0.001 -12"><span class='ocrx_word' id='word_1_388' title='bbox 87 2381 150 2430; x_wconf 87' lang='lat' dir='ltr'>De</span> <span class='ocrx_word' id='word_1_389' title='bbox 173 2381 415 2418; x_wconf 89' lang='lat' dir='ltr'>moventibus</span> <span class='ocrx_word' id='word_1_390' title='bbox 439 2390 567 2418; x_wconf 91' lang='lat' dir='ltr'>autem</span> <span class='ocrx_word' id='word_1_391' title='bbox 592 2393 718 2418; x_wconf 88' lang='lat' dir='ltr'>rerum</span> <span class='ocrx_word' id='word_1_392' title='bbox 741 2381 934 2430; x_wconf 88' lang='lat' dir='ltr'>principiis</span> <span class='ocrx_word' id='word_1_393' title='bbox 950 2379 1074 2418; x_wconf 91' lang='lat' dir='ltr'>sermo</span> <span class='ocrx_word' id='word_1_394' title='bbox 1099 2381 1179 2418; x_wconf 88' lang='lat' dir='ltr'>fere</span> <span class='ocrx_word' id='word_1_395' title='bbox 1202 2383 1243 2418; x_wconf 90' lang='lat' dir='ltr'>in</span> <span class='ocrx_word' id='word_1_396' title='bbox 1268 2379 1424 2418; x_wconf 82' lang='lat' dir='ltr'>transitu</span> <span class='ocrx_word' id='word_1_397' title='bbox 1444 2381 1624 2423; x_wconf 80' lang='lat' dir='ltr'>habetur3</span> <span class='ocrx_word' id='word_1_398' title='bbox 1660 2392 1704 2420; x_wconf 91' lang='lat' dir='ltr'>ut</span> 
     </span>
     <span class='ocr_line' id='line_1_43' title="bbox 89 2434 1704 2486; baseline 0 -12"><span class='ocrx_word' id='word_1_399' title='bbox 89 2447 251 2474; x_wconf 88' lang='lat' dir='ltr'>omnem</span> <span class='ocrx_word' id='word_1_400' title='bbox 271 2434 562 2474; x_wconf 87' lang='lat' dir='ltr'>admirationem</span> <span class='ocrx_word' id='word_1_401' title='bbox 585 2435 744 2486; x_wconf 86' lang='lat' dir='ltr'>superet,</span> <span class='ocrx_word' id='word_1_402' title='bbox 785 2434 811 2473; x_wconf 85' lang='lat' dir='ltr'><strong>fi</strong></span> <span class='ocrx_word' id='word_1_403' title='bbox 835 2437 1049 2473; x_wconf 87' lang='lat' dir='ltr'>intueamur</span> <span class='ocrx_word' id='word_1_404' title='bbox 1072 2447 1186 2484; x_wconf 89' lang='lat' dir='ltr'>quam</span> <span class='ocrx_word' id='word_1_405' title='bbox 1209 2437 1445 2486; x_wconf 89' lang='lat' dir='ltr'>negligenter</span> <span class='ocrx_word' id='word_1_406' title='bbox 1469 2439 1506 2474; x_wconf 87' lang='lat'>&amp;</span> <span class='ocrx_word' id='word_1_407' title='bbox 1529 2437 1704 2474; x_wconf 86' lang='lat' dir='ltr'>diffolute</span> 
     </span>
     <span class='ocr_line' id='line_1_44' title="bbox 87 2487 1703 2542; baseline 0.001 -14"><span class='ocrx_word' id='word_1_408' title='bbox 87 2503 147 2528; x_wconf 85' lang='lat' dir='ltr'>res</span> <span class='ocrx_word' id='word_1_409' title='bbox 175 2489 352 2528; x_wconf 90' lang='lat' dir='ltr'>omnium</span> <span class='ocrx_word' id='word_1_410' title='bbox 378 2490 537 2529; x_wconf 85' lang='lat' dir='ltr'>maxima</span> <span class='ocrx_word' id='word_1_411' title='bbox 558 2494 596 2529; x_wconf 79' lang='grc' dir='ltr'>ὅ(</span> <span class='ocrx_word' id='word_1_412' title='bbox 622 2487 817 2529; x_wconf 79' lang='lat' dir='ltr'>utilissima</span> <span class='ocrx_word' id='word_1_413' title='bbox 837 2493 1048 2540; x_wconf 87' lang='lat' dir='ltr'>inquiratur</span> <span class='ocrx_word' id='word_1_414' title='bbox 1073 2494 1111 2528; x_wconf 66' lang='grc' dir='ltr'>ὃς</span> <span class='ocrx_word' id='word_1_415' title='bbox 1128 2491 1318 2529; x_wconf 68' lang='grc' dir='ltr'>Πειᾶεωῑ.</span> <span class='ocrx_word' id='word_1_416' title='bbox 1375 2493 1530 2529; x_wconf 88' lang='lat' dir='ltr'>Etenim</span> <span class='ocrx_word' id='word_1_417' title='bbox 1555 2490 1581 2528; x_wconf 84' lang='lat' dir='ltr'><strong>fi</strong></span> <span class='ocrx_word' id='word_1_418' title='bbox 1600 2494 1703 2542; x_wconf 89' lang='lat' dir='ltr'>cogi-</span> 
     </span>
     <span class='ocr_line' id='line_1_45' title="bbox 89 2545 1705 2598; baseline 0 -14"><span class='ocrx_word' id='word_1_419' title='bbox 89 2547 277 2584; x_wconf 87' lang='lat' dir='ltr'>tationem</span> <span class='ocrx_word' id='word_1_420' title='bbox 297 2546 345 2582; x_wconf 91' lang='lat' dir='ltr'>de</span> <span class='ocrx_word' id='word_1_421' title='bbox 366 2547 410 2582; x_wconf 90' lang='lat' dir='ltr'>iis</span> <span class='ocrx_word' id='word_1_422' title='bbox 425 2558 519 2595; x_wconf 91' lang='lat' dir='ltr'>quae</span> <span class='ocrx_word' id='word_1_423' title='bbox 541 2546 718 2585; x_wconf 87' lang='lat' dir='ltr'>dicuntur</span> <span class='ocrx_word' id='word_1_424' title='bbox 733 2546 916 2598; x_wconf 86' lang='lat' dir='ltr'>paulisper</span> <span class='ocrx_word' id='word_1_425' title='bbox 939 2545 1199 2598; x_wconf 84' lang='lat' dir='ltr'>suscipiamus;</span> <span class='ocrx_word' id='word_1_426' title='bbox 1227 2558 1322 2585; x_wconf 90' lang='lat' dir='ltr'>num</span> <span class='ocrx_word' id='word_1_427' title='bbox 1342 2545 1511 2585; x_wconf 84' lang='lat' dir='ltr'>stimulus</span> <span class='ocrx_word' id='word_1_428' title='bbox 1524 2549 1705 2585; x_wconf 85' lang='lat' dir='ltr'>materiae</span> 
     </span>
     <span class='ocr_line' id='line_1_46' title="bbox 88 2601 1705 2653; baseline 0 -14"><span class='ocrx_word' id='word_1_429' title='bbox 88 2613 154 2652; x_wconf 90' lang='lat' dir='ltr'>per</span> <span class='ocrx_word' id='word_1_430' title='bbox 183 2602 460 2650; x_wconf 82' lang='lat' dir='ltr'>privationem?</span> <span class='ocrx_word' id='word_1_431' title='bbox 500 2603 609 2640; x_wconf 88' lang='lat' dir='ltr'>Num</span> <span class='ocrx_word' id='word_1_432' title='bbox 636 2602 858 2640; x_wconf 88' lang='lat' dir='ltr'>efformatio</span> <span class='ocrx_word' id='word_1_433' title='bbox 885 2603 1063 2640; x_wconf 88' lang='lat' dir='ltr'>materiae</span> <span class='ocrx_word' id='word_1_434' title='bbox 1090 2602 1137 2640; x_wconf 87' lang='lat' dir='ltr'>ad</span> <span class='ocrx_word' id='word_1_435' title='bbox 1164 2601 1312 2639; x_wconf 84' lang='lat' dir='ltr'>ideam?</span> <span class='ocrx_word' id='word_1_436' title='bbox 1352 2604 1461 2641; x_wconf 92' lang='lat' dir='ltr'>Num</span> <span class='ocrx_word' id='word_1_437' title='bbox 1490 2602 1705 2653; x_wconf 85' lang='lat' dir='ltr'>aggregatio</span> 
     </span>
     <span class='ocr_line' id='line_1_47' title="bbox 89 2654 1703 2709; baseline 0 -15"><span class='ocrx_word' id='word_1_438' title='bbox 89 2657 358 2706; x_wconf 90' lang='lat' dir='ltr'>particularum</span> <span class='ocrx_word' id='word_1_439' title='bbox 381 2654 584 2694; x_wconf 83' lang='lat' dir='ltr'>fimiliurn?</span> <span class='ocrx_word' id='word_1_440' title='bbox 621 2659 731 2696; x_wconf 89' lang='lat' dir='ltr'>Num</span> <span class='ocrx_word' id='word_1_441' title='bbox 756 2659 913 2709; x_wconf 84' lang='lat' dir='ltr'>agitatio</span> <span class='ocrx_word' id='word_1_442' title='bbox 932 2657 1088 2695; x_wconf 89' lang='lat' dir='ltr'>fortuita</span> <span class='ocrx_word' id='word_1_443' title='bbox 1108 2667 1327 2695; x_wconf 88' lang='lat' dir='ltr'>atomorum</span> <span class='ocrx_word' id='word_1_444' title='bbox 1351 2659 1392 2695; x_wconf 90' lang='lat' dir='ltr'>in</span> <span class='ocrx_word' id='word_1_445' title='bbox 1415 2661 1555 2696; x_wconf 85' lang='lat' dir='ltr'>vacuo?</span> <span class='ocrx_word' id='word_1_446' title='bbox 1592 2659 1703 2697; x_wconf 87' lang='lat' dir='ltr'>Num</span> 
     </span>
     <span class='ocr_line' id='line_1_48' title="bbox 90 2709 1702 2763; baseline 0.001 -14"><span class='ocrx_word' id='word_1_447' title='bbox 90 2710 136 2761; x_wconf 77' lang='lat' dir='ltr'>lis</span> <span class='ocrx_word' id='word_1_448' title='bbox 151 2713 189 2749; x_wconf 71' lang='grc' dir='ltr'>ὅ(</span> <span class='ocrx_word' id='word_1_449' title='bbox 203 2710 386 2748; x_wconf 87' lang='lat' dir='ltr'>amicitia?</span> <span class='ocrx_word' id='word_1_450' title='bbox 411 2713 521 2750; x_wconf 87' lang='lat' dir='ltr'>Num</span> <span class='ocrx_word' id='word_1_451' title='bbox 535 2714 633 2750; x_wconf 89' lang='lat' dir='ltr'>coeli</span> <span class='ocrx_word' id='word_1_452' title='bbox 649 2715 686 2750; x_wconf 72' lang='grc' dir='ltr'>δε</span> <span class='ocrx_word' id='word_1_453' title='bbox 700 2723 821 2750; x_wconf 89' lang='lat' dir='ltr'>terrae</span> <span class='ocrx_word' id='word_1_454' title='bbox 836 2709 1097 2762; x_wconf 74' lang='lat' dir='ltr'>impressiones</span> <span class='ocrx_word' id='word_1_455' title='bbox 1112 2714 1346 2763; x_wconf 83' lang='lat' dir='ltr'>reciprocae?</span> <span class='ocrx_word' id='word_1_456' title='bbox 1370 2715 1479 2751; x_wconf 91' lang='lat' dir='ltr'>Num</span> <span class='ocrx_word' id='word_1_457' title='bbox 1493 2715 1702 2751; x_wconf 89' lang='lat' dir='ltr'>elemento-</span> 
     </span>
     <span class='ocr_line' id='line_1_49' title="bbox 90 2767 1704 2819; baseline -0.001 -16"><span class='ocrx_word' id='word_1_458' title='bbox 90 2778 178 2804; x_wconf 87' lang='lat' dir='ltr'>rum</span> <span class='ocrx_word' id='word_1_459' title='bbox 197 2769 475 2804; x_wconf 89' lang='lat' dir='ltr'>commercium</span> <span class='ocrx_word' id='word_1_460' title='bbox 501 2779 567 2819; x_wconf 87' lang='lat' dir='ltr'>per</span> <span class='ocrx_word' id='word_1_461' title='bbox 587 2769 781 2816; x_wconf 88' lang='lat' dir='ltr'>qualitates</span> <span class='ocrx_word' id='word_1_462' title='bbox 805 2768 1117 2817; x_wconf 80' lang='lat' dir='ltr'>symbolizantcs?</span> <span class='ocrx_word' id='word_1_463' title='bbox 1147 2770 1257 2807; x_wconf 89' lang='lat' dir='ltr'>Num</span> <span class='ocrx_word' id='word_1_464' title='bbox 1281 2768 1441 2806; x_wconf 89' lang='lat' dir='ltr'>influxus</span> <span class='ocrx_word' id='word_1_465' title='bbox 1461 2767 1676 2806; x_wconf 90' lang='lat' dir='ltr'>coelestium</span> <span class='ocrx_word' id='word_1_466' title='bbox 1691 2775 1704 2802; x_wconf 77' lang='lat'>.?</span> 
     </span>
     <span class='ocr_line' id='line_1_50' title="bbox 91 2820 1701 2873; baseline -0.001 -13"><span class='ocrx_word' id='word_1_467' title='bbox 91 2823 202 2860; x_wconf 91' lang='lat' dir='ltr'>Num</span> <span class='ocrx_word' id='word_1_468' title='bbox 218 2820 446 2873; x_wconf 90' lang='lat' dir='ltr'>sympathiae</span> <span class='ocrx_word' id='word_1_469' title='bbox 471 2825 507 2860; x_wconf 76' lang='grc' dir='ltr'>ὅ(</span> <span class='ocrx_word' id='word_1_470' title='bbox 528 2823 752 2872; x_wconf 86' lang='lat' dir='ltr'>antipathiae</span> <span class='ocrx_word' id='word_1_471' title='bbox 776 2823 929 2861; x_wconf 89' lang='lat' dir='ltr'>rerum?</span> <span class='ocrx_word' id='word_1_472' title='bbox 957 2825 1068 2862; x_wconf 92' lang='lat' dir='ltr'>Num</span> <span class='ocrx_word' id='word_1_473' title='bbox 1091 2825 1261 2861; x_wconf 87' lang='lat' dir='ltr'>occultae</span> <span class='ocrx_word' id='word_1_474' title='bbox 1277 2826 1314 2861; x_wconf 88' lang='lat'>&amp;</span> <span class='ocrx_word' id='word_1_475' title='bbox 1338 2823 1526 2873; x_wconf 87' lang='lat' dir='ltr'>specificae</span> <span class='ocrx_word' id='word_1_476' title='bbox 1548 2822 1701 2862; x_wconf 86' lang='lat' dir='ltr'>virtutes</span> 
     </span>
     <span class='ocr_line' id='line_1_51' title="bbox 93 2875 1700 2928; baseline 0 -15"><span class='ocrx_word' id='word_1_477' title='bbox 93 2878 131 2914; x_wconf 68' lang='grc' dir='ltr'>ὃ(</span> <span class='ocrx_word' id='word_1_478' title='bbox 158 2878 429 2928; x_wconf 86' lang='lat' dir='ltr'>proprietates?</span> <span class='ocrx_word' id='word_1_479' title='bbox 467 2879 576 2917; x_wconf 89' lang='lat' dir='ltr'>Num</span> <span class='ocrx_word' id='word_1_480' title='bbox 608 2878 741 2925; x_wconf 83' lang='lat' dir='ltr'>fatum,</span> <span class='ocrx_word' id='word_1_481' title='bbox 770 2879 936 2925; x_wconf 89' lang='lat' dir='ltr'>fortuna,</span> <span class='ocrx_word' id='word_1_482' title='bbox 972 2875 1193 2916; x_wconf 81' lang='lat' dir='ltr'>necessitas?</span> <span class='ocrx_word' id='word_1_483' title='bbox 1222 2881 1341 2927; x_wconf 87' lang='lat' dir='ltr'>Num,</span> <span class='ocrx_word' id='word_1_484' title='bbox 1371 2882 1540 2927; x_wconf 90' lang='lat' dir='ltr'>inquam,</span> <span class='ocrx_word' id='word_1_485' title='bbox 1580 2876 1700 2922; x_wconf 68' lang='lat' dir='ltr'>liujuss</span> 
     </span>
     <span class='ocr_line' id='line_1_52' title="bbox 92 2931 1700 2985; baseline 0 -17"><span class='ocrx_word' id='word_1_486' title='bbox 92 2931 202 2969; x_wconf 88' lang='lat' dir='ltr'>modi</span> <span class='ocrx_word' id='word_1_487' title='bbox 229 2934 428 2981; x_wconf 87' lang='lat' dir='ltr'>generalia,</span> <span class='ocrx_word' id='word_1_488' title='bbox 456 2945 552 2982; x_wconf 89' lang='lat' dir='ltr'>quae</span> <span class='ocrx_word' id='word_1_489' title='bbox 578 2934 635 2969; x_wconf 87' lang='lat' dir='ltr'>nil</span> <span class='ocrx_word' id='word_1_490' title='bbox 664 2934 764 2971; x_wconf 88' lang='lat' dir='ltr'>aliud</span> <span class='ocrx_word' id='word_1_491' title='bbox 793 2934 877 2970; x_wconf 91' lang='lat' dir='ltr'>sunt</span> <span class='ocrx_word' id='word_1_492' title='bbox 897 2945 1012 2982; x_wconf 88' lang='lat' dir='ltr'>quam</span> <span class='ocrx_word' id='word_1_493' title='bbox 1042 2933 1192 2985; x_wconf 62' lang='lat' dir='ltr'>spefi’ffa,</span> <span class='ocrx_word' id='word_1_494' title='bbox 1221 2936 1257 2971; x_wconf 88' lang='lat'>&amp;</span> <span class='ocrx_word' id='word_1_495' title='bbox 1278 2932 1493 2972; x_wconf 76' lang='lat' dir='ltr'>simulachra</span> <span class='ocrx_word' id='word_1_496' title='bbox 1518 2935 1558 2969; x_wconf 87' lang='lat' dir='ltr'>in</span> <span class='ocrx_word' id='word_1_497' title='bbox 1579 2931 1700 2983; x_wconf 89' lang='lat' dir='ltr'>super-</span> 
     </span>
     <span class='ocr_line' id='line_1_53' title="bbox 92 2985 1701 3039; baseline 0 -16"><span class='ocrx_word' id='word_1_498' title='bbox 92 2985 177 3023; x_wconf 90' lang='lat' dir='ltr'>ficie</span> <span class='ocrx_word' id='word_1_499' title='bbox 191 2998 330 3034; x_wconf 88' lang='lat' dir='ltr'>rerum,</span> <span class='ocrx_word' id='word_1_500' title='bbox 359 2989 477 3026; x_wconf 87' lang='lat' dir='ltr'>veluti</span> <span class='ocrx_word' id='word_1_501' title='bbox 498 2989 540 3025; x_wconf 89' lang='lat' dir='ltr'>in</span> <span class='ocrx_word' id='word_1_502' title='bbox 555 2990 671 3037; x_wconf 91' lang='lat' dir='ltr'>aquis,</span> <span class='ocrx_word' id='word_1_503' title='bbox 701 2990 867 3026; x_wconf 87' lang='lat' dir='ltr'>natantia</span> <span class='ocrx_word' id='word_1_504' title='bbox 890 2991 927 3026; x_wconf 76' lang='grc' dir='ltr'>ὅ(</span> <span class='ocrx_word' id='word_1_505' title='bbox 941 2989 1122 3036; x_wconf 87' lang='lat' dir='ltr'>ludentia,</span> <span class='ocrx_word' id='word_1_506' title='bbox 1151 2989 1360 3028; x_wconf 89' lang='lat' dir='ltr'>humanum</span> <span class='ocrx_word' id='word_1_507' title='bbox 1375 3000 1491 3039; x_wconf 90' lang='lat' dir='ltr'>genus</span> <span class='ocrx_word' id='word_1_508' title='bbox 1514 2987 1701 3024; x_wconf 70' lang='lat' dir='ltr'>beabunt?</span> 
     </span>
     <span class='ocr_line' id='line_1_54' title="bbox 94 3040 1698 3096; baseline 0.001 -19"><span class='ocrx_word' id='word_1_509' title='bbox 94 3040 177 3078; x_wconf 89' lang='lat' dir='ltr'>Aut</span> <span class='ocrx_word' id='word_1_510' title='bbox 198 3053 288 3092; x_wconf 87' lang='lat' dir='ltr'>opes</span> <span class='ocrx_word' id='word_1_511' title='bbox 310 3042 490 3080; x_wconf 90' lang='lat' dir='ltr'>humanas</span> <span class='ocrx_word' id='word_1_512' title='bbox 513 3040 679 3080; x_wconf 86' lang='lat' dir='ltr'>efficient</span> <span class='ocrx_word' id='word_1_513' title='bbox 709 3044 904 3082; x_wconf 71' lang='lat' dir='ltr'>auffiores.</span> <span class='ocrx_word' id='word_1_514' title='bbox 960 3044 1024 3081; x_wconf 84' lang='lat' dir='ltr'>Ista</span> <span class='ocrx_word' id='word_1_515' title='bbox 1048 3046 1153 3082; x_wconf 90' lang='lat' dir='ltr'>enim</span> <span class='ocrx_word' id='word_1_516' title='bbox 1178 3043 1405 3096; x_wconf 85' lang='lat' dir='ltr'>phantasiam</span> <span class='ocrx_word' id='word_1_517' title='bbox 1429 3043 1603 3093; x_wconf 89' lang='lat' dir='ltr'>implent,</span> <span class='ocrx_word' id='word_1_518' title='bbox 1640 3043 1698 3079; x_wconf 85' lang='lat' dir='ltr'>vel</span> 
     </span>
     <span class='ocr_line' id='line_1_55' title="bbox 96 3095 1700 3151; baseline 0.001 -20"><span class='ocrx_word' id='word_1_519' title='bbox 96 3095 230 3132; x_wconf 87' lang='lat' dir='ltr'>inflant</span> <span class='ocrx_word' id='word_1_520' title='bbox 253 3098 392 3145; x_wconf 89' lang='lat' dir='ltr'>potius,</span> <span class='ocrx_word' id='word_1_521' title='bbox 421 3097 484 3135; x_wconf 88' lang='lat' dir='ltr'>sed</span> <span class='ocrx_word' id='word_1_522' title='bbox 504 3099 560 3136; x_wconf 90' lang='lat' dir='ltr'>nil</span> <span class='ocrx_word' id='word_1_523' title='bbox 582 3098 733 3148; x_wconf 89' lang='lat' dir='ltr'>prorsus</span> <span class='ocrx_word' id='word_1_524' title='bbox 753 3099 798 3135; x_wconf 91' lang='lat' dir='ltr'>ad</span> <span class='ocrx_word' id='word_1_525' title='bbox 821 3111 982 3151; x_wconf 88' lang='lat' dir='ltr'>operum</span> <span class='ocrx_word' id='word_1_526' title='bbox 1008 3099 1262 3147; x_wconf 70' lang='lat' dir='ltr'>effestioncm,</span> <span class='ocrx_word' id='word_1_527' title='bbox 1291 3108 1496 3148; x_wconf 89' lang='lat' dir='ltr'>corporum</span> <span class='ocrx_word' id='word_1_528' title='bbox 1520 3098 1700 3134; x_wconf 86' lang='lat' dir='ltr'>mutatio-</span> 
     </span>
    </p>
   </div>
   <div class='ocr_carea' id='block_1_9' title="bbox 96 3152 1704 3252">
    <p class='ocr_par' dir='ltr' id='par_1_9' title="bbox 96 3152 1704 3252">
     <span class='ocr_line' id='line_1_56' title="bbox 96 3152 1702 3246; baseline -0.001 -57"><span class='ocrx_word' id='word_1_529' title='bbox 96 3161 199 3246; x_wconf 33' lang='lat' dir='ltr'>nem,</span> <span class='ocrx_word' id='word_1_530' title='bbox 228 3159 293 3188; x_wconf 62' lang='lat' dir='ltr'>aut&gt;</span> <span class='ocrx_word' id='word_1_531' title='bbox 310 3163 486 3192; x_wconf 88' lang='lat' dir='ltr'>motuum</span> <span class='ocrx_word' id='word_1_532' title='bbox 503 3154 676 3204; x_wconf 76' lang='lat' dir='ltr'>regimen</span> <span class='ocrx_word' id='word_1_533' title='bbox 696 3153 850 3194; x_wconf 84' lang='lat' dir='ltr'>faciunt.</span> <span class='ocrx_word' id='word_1_534' title='bbox 907 3155 1037 3205; x_wconf 86' lang='lat' dir='ltr'>Atque</span> <span class='ocrx_word' id='word_1_535' title='bbox 1063 3154 1196 3204; x_wconf 77' lang='lat' dir='ltr'>rursuS,</span> <span class='ocrx_word' id='word_1_536' title='bbox 1226 3155 1274 3194; x_wconf 84' lang='lat' dir='ltr'>dc</span> <span class='ocrx_word' id='word_1_537' title='bbox 1293 3165 1405 3193; x_wconf 84' lang='lat' dir='ltr'>motu</span> <span class='ocrx_word' id='word_1_538' title='bbox 1423 3153 1635 3242; x_wconf 65' lang='lat' dir='ltr'>naturalil&amp;</span> <span class='ocrx_word' id='word_1_539' title='bbox 1649 3152 1702 3189; x_wconf 86' lang='lat' dir='ltr'>vi-</span> 
     </span>
     <span class='ocr_line' id='line_1_57' title="bbox 191 3207 1704 3252; baseline -0.001 -9"><span class='ocrx_word' id='word_1_540' title='bbox 191 3217 260 3243; x_wconf 88' lang='lat' dir='ltr'>0L.</span> <span class='ocrx_word' id='word_1_541' title='bbox 279 3207 322 3244; x_wconf 87' lang='lat'>11.</span> <span class='ocrx_word' id='word_1_542' title='bbox 865 3210 892 3248; x_wconf 85' lang='lat' dir='ltr'>F</span> <span class='ocrx_word' id='word_1_543' title='bbox 907 3209 929 3247; x_wconf 80' lang='lat' dir='ltr'>f</span> <span class='ocrx_word' id='word_1_544' title='bbox 1560 3218 1583 3242; x_wconf 92' lang='lat' dir='ltr'>o</span> <span class='ocrx_word' id='word_1_545' title='bbox 1601 3216 1704 3252; x_wconf 65' lang='lat' dir='ltr'>ento,</span> 
     </span>
    </p>
   </div>
   <div class='ocr_carea' id='block_1_10' title="bbox 1747 254 1844 321">
    <p class='ocr_par' dir='ltr' id='par_1_10' title="bbox 1747 254 1844 321">
     <span class='ocr_line' id='line_1_58' title="bbox 1747 254 1844 321; baseline 0 -17"><span class='ocrx_word' id='word_1_546' title='bbox 1747 254 1844 321; x_wconf 73' lang='lat'>2&#39;25</span> 
     </span>
    </p>
   </div>
  </div>
 </body>
</html>
