1973 3570
228 218 323 263 Dr«,
358 212 1162 262 INTERPRETArroNE
1199 210 1570 267 NATURAE'.

86 328 203 372 quam
218 322 404 371 frangen5‚
418 317 710 372 v‘eltitAgriopa,
727 320 940 356 neotericus
956 318 1090 366 homo,
1108 318 1145 356 in
1162 319 1366 357 istiusmodi
1381 321 1553 362 sermone
1569 338 1615 363 ne
1626 338 1694 365 no*

85 377 289 415 minandus
308 377 474 424 quidem,
496 373 556 412 scd
573 373 723 412 trivialis
744 373 880 419 scurra,
910 376 945 411 ὃ(
966 371 1108 423 singula
1128 375 1363 423 distorquens
1393 379 1428 413 δε
1451 378 1542 416 lusui
1568 386 1693 433 propi.

87 444 180 470 nans
196 432 276 482 (mc
291 431 482 475 miserum,
498 429 561 478 qui
576 429 778 466 hominum
799 429 946 466 defectu
963 441 1050 466 cum
1070 430 1186 467 brutis
1202 443 1264 466 me
1279 431 1453 469 conferre
1471 436 1609 472 necess'e
1631 438 1690 474 lia-

87 487 233 533 beaml)
256 488 306 523 ita
322 498 384 523 me
399 481 502 535 gelli.
559 486 706 521 Verum
726 483 791 521 sub
808 484 995 521 maledieti
1011 485 1096 521 velo
1112 486 1222 521 miras
1242 484 1518 524 accusationum
1535 492 1688 537 animas,

86 544 123 579 δ(
145 540 317 592 singulari
333 541 492 578 artificio
508 541 548 576 in
564 537 704 588 lingula
734 539 812 575 fere
841 539 952 576 verba
977 542 1182 576 contractas
1205 542 1241 577 ὃ(
1275 541 1442 578 reductas
1470 546 1508 580 ὃ(
1537 546 1688 593 exquili—

83 592 222 634 tissima
242 596 342 634 oculi
370 598 446 632 acie
473 594 512 632 in
542 594 616 644 ipsa
633 592 834 630 criminum
868 594 991 631 ulcera
1025 594 1178 631 directas
1203 597 1238 631 δε
1268 596 1426 633 vibratas
1445 598 1686 648 postmodum

83 650 278 702 respiciens
298 651 450 687 videbis.
507 648 636 700 Atque
658 660 746 685 cum
776 647 829 686 isti
852 647 1068 686 criminibus
1098 652 1134 686 ἅ
1150 660 1252 686 reatu
1275 651 1382 687 valde
1409 651 1506 689 inter
1531 654 1564 691 se
1580 655 1686 693 mixti

88 705 317 756 &implicati
334 705 474 752 forent,
495 715 624 742 tamen
645 701 810 753 singulos
837 704 985 741 indiciis
1014 703 1174 741 maxime
1202 704 1372 756 propriis
1394 706 1526 744 iisdem
1560 721 1688 747 autem

83 762 312 812 capitalibus,
334 773 418 797 reos
433 761 516 797 feci.
576 760 690 796 Mens
711 760 815 796 enim
838 759 1012 805 humana,
1037 759 1102 806 fili,
1125 772 1250 797 rerum
1274 759 1477 799 in‘eurfibus
1504 765 1540 800 δε
1566 765 1687 802 obser-

83 818 295 854 vationibus
309 816 456 865 turgida
471 816 585 852 varias
603 814 812 851 admodum
829 826 1001 851 errorum
1021 814 1155 864 speeies
1174 814 1330 862 molitur
1347 818 1382 854 δε
1398 817 1536 855 educit.
1592 819 1687 858 Ari-

69 869 233 923 stoteles
252 884 343 910 vcro
359 872 459 907 velut
477 871 586 907 unius
602 868 651 906 est
666 869 798 918 speciei
813 871 940 918 planta
956 869 1158 919 procerior,
1174 868 1220 907 fic
1236 873 1272 907 ὃ(
1290 869 1414 908 Plato
1450 875 1485 909 δε
1507 872 1568 910 alii
1583 875 1685 913 dein-

80 939 177 979 ceps.
235 927 290 963 At
305 926 585 963 confutationes
606 925 841 974 particulares
870 927 1035 973 requiris.
1093 927 1177 963 Nae
1211 926 1305 963 illud
1341 938 1535 978 peccatum
1571 930 1683 969 fuerit

80 981 230 1032 largiter
249 983 290 1018 in
309 982 465 1018 humani
486 981 631 1030 generis
646 979 842 1017 fortunam
856 992 1005 1016 auream
1023 978 1155 1030 pignus
1180 982 1342 1030 imperii,
1370 979 1396 1018 fi
1426 995 1499 1032 ego
1526 984 1571 1021 ad
1600 998 1680 1023 um-

81 1038 231 1075 brarum
259 1032 579 1087 fiigacissimarum
602 1034 875 1072 insecutionem
908 1034 1155 1072 defleCoerem.
1212 1036 1363 1083 Unum,
1395 1037 1459 1084 fili,
1484 1040 1523 1076 in
1552 1041 1681 1079 medio

78 1092 305 1144 ponendum
321 1092 369 1129 est
388 1090 547 1130 veritatis
576 1092 705 1127 lumen
727 1090 869 1126 clarum
897 1091 934 1126 &
962 1088 1164 1137 radiosum,
1190 1091 1293 1138 quod
1323 1095 1453 1130 omnia
1478 1096 1680 1143 collustret,

81 1150 119 1184 ὅ(
144 1159 290 1184 errores
316 1145 507 1184 universos
534 1154 738 1182 momento
765 1143 943 1193 dispellat.
1002 1146 1097 1183 Non
1128 1144 1267 1182 infirmi
1299 1144 1452 1194 quidam
1490 1151 1526 1185 ἃ
1555 1150 1682 1198 pallidi

78 1202 207 1251 lychni
227 1202 274 1239 ad
293 1200 457 1251 singulos
475 1211 645 1237 errorum
663 1202 697 1235 ὅ(
714 1199 1003 1235 mendaciorum
1024 1201 1182 1249 angulos
1211 1202 1248 1238 δ(
1278 1198 1373 1238 finus
1393 1201 1680 1243 circumferendi

26 1254 29 1256 ’
82 1257 179 1296 sunt.
238 1258 363 1309 Qare
379 1255 480 1305 quod
498 1255 645 1304 petebas
666 1253 855 1300 detestare,
871 1253 936 1301 fili,
952 1266 1041 1290 nam
1057 1255 1261 1304 profanum
1277 1255 1326 1292 est
1340 1256 1455 1294 valde.
1516 1260 1683 1298 Subinde

80 1324 171 1350 vero
185 1313 485 1361 interrogantem
509 1320 546 1346 te
572 1308 695 1346 audio.
752 1310 860 1346 Num
889 1321 983 1360 quae
1015 1309 1069 1346 isti
1097 1309 1255 1347 universi
1282 1311 1521 1361 aflei-uerunt,
1551 1318 1683 1354 omnia

76 1367 229 1417 prorsus
265 1378 357 1405 vana
388 1368 424 1403 &
447 1364 535 1402 falsa
559 1363 683 1401 fuere?
712 1362 844 1415 Atqui,
877 1363 942 1409 fili,
968 1364 1225 1402 infelicitatem
1252 1367 1326 1412 jam
1360 1380 1494 1414 narras,
1523 1381 1681 1419 eamque

75 1421 340 1475 prodigiosam,
364 1433 445 1458 non
464 1419 728 1469 ignorantiam.
788 1421 920 1457 Nemo
937 1418 1038 1457 enim
1056 1432 1135 1457 non
1151 1422 1379 1470 quandoque
1395 1424 1435 1458 in
1456 1423 1606 1474 aliquod
1623 1439 1680 1462 ve-

76 1491 162 1516 rum
177 1479 411 1530 impingitur.
470 1472 731 1520 Heraclitum,
755 1486 842 1511 cum
860 1473 1053 1511 scientiam
1070 1475 1114 1512 ab
1135 1475 1355 1514 hominibus
1378 1476 1417 1514 in
1445 1480 1597 1516 mundis
1611 1480 1681 1530 pri-

77 1532 180 1580 vatis,
200 1544 282 1569 non
297 1531 336 1569 in
360 1531 508 1568 mundo
526 1528 726 1567 communi
752 1527 953 1577 quaesitam
974 1528 1126 1576 diceret,
1157 1531 1252 1567 bene
1280 1531 1318 1568 in
1338 1531 1594 1582 philosophiae
1626 1534 1680 1572 in-

76 1587 195 1626 troitu
210 1587 322 1624 litaffe
336 1586 458 1625 video.
516 1584 806 1631 Democritum,
824 1596 911 1621 cum
933 1595 1084 1622 naturae
1101 1585 1325 1623 immensam
1338 1589 1554 1625 varietatem
1572 1588 1609 1625 &
1624 1589 1678 1627 in-

75 1643 222 1681 finitam
238 1639 506 1680 successionem
520 1640 700 1686 tribuens,
722 1640 757 1677 se
782 1652 802 1676 c
818 1638 971 1689 regione
989 1637 1121 1677 sisteret
1145 1651 1378 1678 caeterorum
1405 1642 1482 1679 fere
1512 1644 1675 1692 philoso-

74 1699 253 1749 phorum,
276 1697 588 1735 saecularitatibus
604 1691 934 1742 deditiffimorum,
966 1696 1295 1745 &mancipiorum
1318 1696 1609 1746 consuetudinis,
1637 1703 1675 1737 ἅ

75 1755 146 1791 hac
159 1751 393 1803 oppositione
409 1763 614 1801 utrumque
633 1751 873 1788 mendacium
889 1751 929 1787 in
955 1749 990 1786 se
1006 1749 1224 1788 collidendo
1252 1752 1436 1801 perderet,
1469 1755 1505 1790 &
1533 1753 1676 1792 veritati

76 1812 176 1847 inter
205 1819 371 1846 extrema
399 1808 496 1845 viam
524 1807 714 1856 quandam
740 1807 911 1854 aperiret,
946 1818 1027 1842 non
1056 1804 1258 1843 infeliciter
1281 1807 1586 1857 philosophatum
1607 1810 1678 1846 esse

74 1875 220 1914 reputo.
278 1861 528 1915 Pythagorae
545 1874 724 1899 numeros
740 1862 854 1898 etiam
877 1859 968 1896 boni
988 1860 1127 1897 ominis
1142 1863 1231 1898 loco
1253 1874 1371 1911 pono.
1429 1860 1679 1902 ‘Dindamum

73 1921 212 1958 Indum
228 1919 332 1968 quod
351 1930 502 1955 morem
517 1913 750 1969 Antiphyfi'n
766 1913 910 1962 dixerit,
927 1917 1051 1953 laudo.
1098 1917 1203 1969 Quin
1222 1919 1257 1953 δε
1279 1914 1492 1969 Epicurum
1506 1919 1677 1956 adversus

74 1975 267 2013 causarum
283 1972 344 2024 (ut
359 1970 585 2024 loquuntur)
601 1985 667 2024 per
683 1973 914 2008 intentiones
934 1973 968 2007 ὅ(
987 1971 1079 2008 fines
1095 1973 1396 2023 explicationem,
1423 1972 1679 2025 disputantem

73 2030 161 2068 licet
174 2027 364 2080 pueriliter
379 2031 414 2064 ὅ(
430 2028 674 2078 philologiee,
701 2037 828 2064 tamen
856 2038 936 2062 non
958 2027 1096 2064 invitus
1122 2028 1246 2064 audio.
1303 2027 1425 2065 Etiam
1442 2029 1677 2078 Pyrrhonem

75 2085 379 2134 &Academicos
393 2084 616 2128 vacillantes,
644 2084 680 2119 ὃς
695 2095 716 2119 e
735 2083 847 2118 lintre
865 2082 1075 2128 loquentes,
1094 2084 1130 2119 ὃς
1146 2094 1232 2131 erga
1246 2083 1350 2120 idola
1366 2083 1401 2120 se
1420 2094 1592 2133 gerentes
1616 2097 1676 2122 ve-

75 2139 146 2178 luti
167 2149 354 2177 amatores
372 2137 554 2187 quosdam
571 2137 745 2174 morosos
770 2137 848 2186 (qui
864 2134 1016 2173 amasios
1046 2137 1130 2174 suos
1158 2137 1301 2189 semper
1326 2138 1470 2189 probris
1494 2135 1674 2186 afficiunt,

74 2194 268 2246 nunquam
282 2191 488 2241 deserunt‚)
504 2194 623 2229 animi
639 2194 674 2229 ὅ(
689 2193 883 2229 hilaritatis
897 2194 1013 2241 gratia
1027 2191 1198 2229 adhibeo.
1243 2194 1283 2231 N
1287 2205 1328 2230 ec
1342 2194 1549 2230 immerito.
1582 2194 1676 2230 Cac-

74 2262 177 2288 teros
198 2251 303 2287 enim
323 2249 425 2286 idola
445 2247 615 2298 prorsum
631 2258 759 2296 agunt,
775 2247 843 2284 hos
859 2259 947 2284 vero
959 2246 997 2283 in
1010 2248 1140 2284 orbem
1150 2265 1163 2290 ,-
1193 2248 1296 2298 quod
1312 2246 1471 2293 iocosius
1485 2248 1544 2284 est.
1601 2249 1676 2285 De-

75 2308 192 2355 nique
206 2302 459 2356 Paracelfiim
472 2305 506 2340 ὃς
524 2300 752 2340 Severinum
772 2314 860 2339 cum
887 2303 1000 2338 tantis
1027 2303 1255 2339 clamoribus
1278 2302 1453 2338 homines
1471 2303 1517 2339 ad
1540 2303 1676 2354 experi-

75 2362 199 2398 entiae
214 2358 419 2409 suggestum
449 2368 674 2403 convocant,
699 2368 899 2408 praecones
925 2354 1017 2392 mihi
1044 2367 1195 2407 exopto.
1250 2357 1354 2408 Quid
1377 2355 1487 2406 igitur
1510 2360 1521 2393 ἓ
1563 2359 1674 2395 Num

75 2413 238 2454 veritatis
256 2425 453 2466 compotes
466 2413 538 2451 isti?
567 2412 703 2451 Nihilo
724 2414 860 2448 minus.
916 2412 965 2448 Et
998 2411 1233 2457 rusticorum,
1256 2411 1321 2458 fili,
1351 2413 1548 2461 proverbia
1576 2425 1673 2450 non-

73 2472 181 2509 nulla
195 2467 358 2522 apposite
382 2469 426 2506 ad
449 2468 642 2506 veritatem
666 2468 854 2504 dicuntur.
913 2467 979 2503 Sus
1003 2466 1121 2503 rostro
1148 2464 1174 2502 fi
1202 2466 1302 2503 forte
1328 2465 1435 2505 humi
1459 2466 1498 2504 A
1521 2466 1671 2506 literam

74 2525 306 2578 imprefferit,
328 2537 421 2561 num
443 2534 639 2575 propterea
666 2521 890 2573 suspicabere
915 2523 1100 2569 integram
1129 2521 1362 2571 tragoediam
1378 2523 1492 2559 veluti
1521 2524 1670 2561 literam

73 2593 203 2627 unam,
224 2581 272 2618 ab
286 2592 329 2617 ea
342 2579 442 2629 posse
461 2577 636 2616 describi?
663 2579 796 2627 Longe
816 2577 884 2614 alia
912 2577 961 2613 est
988 2575 1095 2622 ratio,
1129 2576 1194 2623 fili,
1225 2578 1401 2623 veritatis,
1430 2590 1524 2628 quae
1553 2578 1602 2614 est
1626 2591 1670 2616 ex

76 2636 252 2673 scientiae
274 2635 459 2684 analogia,
484 2634 553 2670 alia
575 2645 669 2681 quae
699 2645 741 2669 ex
770 2630 864 2669 idoli
887 2630 1046 2668 scaione
1065 2633 1293 2668 enuntiatur.
1348 2633 1415 2668 Illa
1441 2633 1610 2670 constans
1633 2637 1671 2671 δε

73 2692 367 2740 quota-gemina,
384 2691 472 2726 haec
491 2687 631 2725 discors
647 2686 869 2725 &solitar-ia.
926 2686 1041 2737 Quod
1069 2687 1183 2723 etiam
1206 2688 1246 2723 in
1274 2687 1450 2736 operibus
1474 2688 1527 2724 fit.
1585 2689 1672 2726 Pul->

74 2746 127 2784 vis
143 2744 428 2783 tormentOrum
447 2742 472 2780 fi
486 2743 611 2789 dunstu,
629 2755 710 2780 non
725 2742 809 2780 casu
827 2741 884 2792 (ut
900 2740 1124 2792 loquuntur)
1148 2744 1183 2778 ὃ(
1198 2740 1360 2790 impactu
1387 2741 1584 2780 inventum
1615 2744 1670 2780 fu-

77 2801 168 2847 iss‘et‚
188 2813 269 2837 non
285 2798 504 2845 solitarium,
521 2797 582 2834 sed.
599 2809 686 2834 cum
703 2798 822 2835 multa
837 2798 1080 2833 inventorum
1094 2796 1281 2833 nobilium
1303 2796 1414 2847 (quae
1431 2796 1495 2834 sub
1507 2798 1669 2834 eundem

75 2854 327 2894 meridianum
346 2855 497 2900 cadunt)
527 2853 734 2903 frequentia
759 2850 955 2902 prodiiss'et.
1017 2850 1077 2888 Sic
1099 2854 1133 2888 ἅ
1149 2851 1219 2888 alia
1235 2861 1318 2888 tum
1345 2864 1470 2901 opera,
1500 2863 1582 2889 tum
1603 2864 1669 2900 po-

75 2909 150 2948 sita.
204 2911 329 2962 Quare
344 2921 502 2955 moneo,
521 2906 547 2944 fi
565 2907 665 2944 forte
680 2907 828 2943 idolum
843 2905 996 2954 aliquod
1020 2907 1173 2952 alicujus
1195 2905 1349 2944 istorum
1379 2919 1516 2953 meam,
1542 2906 1578 2942 id
1607 2907 1667 2953 est,

78 2977 204 3002 rerum
224 2966 419 3001 veritatem
432 2964 561 3011 aliquo
582 2964 622 2999 in
646 2962 787 3011 punsto
806 2961 974 3008 secuerit,
1002 2961 1085 2997 noli
1112 2973 1173 2998 aut
1201 2961 1247 2998 de
1276 2963 1321 2998 iis
1349 2963 1503 3007 majora,
1537 2970 1599 2997 aut
1623 2961 1668 2998 de

77 3032 141 3056 me
166 3019 344 3064 inferiora
363 3020 541 3068 cogitare,
570 3029 659 3054 cum
692 3016 776 3053 satis
796 3026 966 3065 appareat
999 3028 1041 3052 cx
1070 3014 1304 3065 reliquorum
1333 3014 1569 3066 ignoratione
1595 3016 1669 3064 ipsa

77 3075 141 3110 illa
155 3085 235 3110 non
258 3085 302 3111 ex
317 3072 487 3110 scientiae
503 3071 672 3121 analogia
686 3083 749 3108 eos
764 3070 899 3108 dixill'e.
956 3070 1096 3107 Adhuc
1115 3070 1231 3118 instas,
1255 3071 1318 3117 fili,
1348 3082 1442 3107 num
1470 3082 1561 3118 ergo
1586 3069 1667 3107 uni—

76 3128 193 3166 versas
207 3127 362 3165 istorum
376 3128 517 3166 chartas
535 3127 637 3165 thuri
652 3129 689 3164 <St
705 3126 886 3165 odoribus
901 3124 1057 3168 amicula
1080 3125 1159 3164 fieri
1186 3127 1308 3173 jubes?
1338 3127 1434 3164 Non
1457 3124 1550 3162 illud
1569 3124 1666 3161 dixe-

1183 3186 1185 3194 '
1582 3191 1666 3214 rim.

1768 226 1860 269 20*
