1973 3570
469 275 954 327 PARVAS'CEVE
993 275 1099 322 AD
1136 268 1634 321 HISTORIAM

305 380 366 418 111.
396 381 502 431 QUO
531 390 657 416 autem
686 377 840 421 majoris
863 376 911 413 est
935 375 1024 412 hacc
1049 384 1106 410 res
1129 383 1264 421 operae
1287 373 1324 407 ὃς
1347 370 1499 415 laboris,
1534 381 1582 405 eo
1607 370 1711 406 illam
1737 373 1863 409 minus

252 438 401 473 onerari
427 434 618 485 superfiuis
638 432 934 470 consentaneum
958 429 1017 466 est.
1073 429 1166 464 Tria
1189 428 1315 473 itaque
1331 424 1428 470 sunt,
1457 424 1504 460 de
1528 424 1664 472 quibus
1687 425 1864 463 homines

253 491 337 530 sunt
361 492 470 539 plane
489 488 734 533 admonendi,
764 496 804 524 ut
829 487 870 523 in
891 487 965 522 illis
984 495 1092 533 parce
1115 481 1324 518 admodum
1349 491 1504 528 operam
1530 479 1632 531 suam
1648 481 1862 518 collocent:

244 546 433 593 ‘tanquam
454 547 499 581 iis
517 556 612 592 quac
625 539 917 590 massam'opcris
937 542 977 579 in
993 535 1225 576 immensum
1245 533 1418 584 augeant,
1448 535 1634 572 virtutem
1654 546 1787 583 parum
1801 546 1865 575 aut

253 600 350 638 nihil
367 609 650 648 pron'ioveanrA>
952 629 954 633 ,
1325 631 1332 635 .
1578 628 1585 630 ,
1610 626 1617 629 -
1765 623 1769 626 -
1837 620 1841 625 ,

309 657 473 692 Pamin
503 655 617 700 igitur
646 651 817 689 faeessant
842 651 1095 697 antiquitateS,
1133 649 1169 683 &
1198 647 1410 690 citati01iCS‚
1450 653 1512 680 aut
1539 642 1711 693 suffragia
1735 645 1866 683 autho-

256 722 366 750 rum5
404 695 623 745 etianslires
649 710 685 743 &
710 702 982 743 controversiae
1009 706 1045 740 ὃ(
1069 703 1272 750 opiniones
1296 699 1565 748 discrepantcss
1603 701 1735 736 omnia
1762 701 1866 738 deni-

258 777 330 812 que
345 764 586 812 philologiea.
646 765 782 809 „Neque
799 763 901 797 enim
923 761 1060 795 citetur
1075 757 1223 802 author,
1253 754 1320 791 nisi
1338 756 1376 790 in
1394 766 1432 790 re
1454 753 1589 790 dubiae
1607 754 1714 795 fidei3
1744 767 1869 804 neque

259 822 521 867 interponatur
545 814 809 860 controverfia,
840 812 907 851 nisi
931 815 970 850 in
986 825 1026 849 re
1049 813 1177 859 magni
1201 810 1406 846 momenti.
1463 810 1569 860 Quae
1584 821 1675 845 *sero
1699 810 1744 846 ad
1759 823 1868 848 orna—

258 884 387 910 menta
416 874 598 909 orationis
627 874 662 908 δε
692 869 953 906 similitudines
979 870 1016 903 ὃ(
1045 866 1285 913 eloquentiae
1319 863 1547 910 thesaurum,
1586 866 1623 900 &
1651 864 1869 909 hujusmodi

258 930 385 965 inania
400 927 574 976 spectant,
604 928 768 961 omnino
791 924 1024 969 abjiciantur.
1083 921 1208 957 Etiam
1228 931 1322 967 quae
1337 920 1569 968 recipiuntur
1592 920 1736 966 omnia,
1766 923 1802 958 δί
1816 922 1869 970 ip—

258 984 295 1020 sa
311 991 571 1030 proponantur
589 981 750 1017 breviter
771 981 806 1016 ὃ(
821 978 986 1023 strictim,
1018 986 1060 1012 ut
1075 975 1170 1012 nihil
1192 976 1318 1010 minus
1333 972 1402 1009 fint
1425 985 1539 1021 quam
1556 974 1676 1010 verba.
1736 977 1870 1013 Nemo

259 1023 363 1075 enim
388 1037 453 1084 qui
477 1036 681 1071 materialia
709 1034 753 1070 ad
777 1032 952 1071 aedificia,
984 1033 1042 1069 vei
1071 1041 1192 1075 nave5,
1229 1030 1288 1066 vel
1314 1029 1529 1072 hujusmodi
1558 1030 1697 1077 aliquas
1721 1030 1871 1068 struitu-

260 1104 317 1129 ras
340 1091 488 1139 colligit
513 1092 549 1126 ὃς
574 1091 736 1138 reponit,
775 1101 817 1125 ea
843 1084 1096 1134 (officinarum
1125 1082 1250 1134 more)
1276 1084 1373 1120 belle
1390 1085 1552 1120 collocat
1569 1087 1604 1120 δε
1625 1084 1793 1131 ostentat,
1828 1096 1871 1123 ut

260 1147 452 1196 placeant3
483 1144 543 1181 sed
564 1145 604 1181 in
628 1144 702 1180 hoe
717 1154 868 1180 tantum
892 1141 1038 1179 sedulus
1054 1141 1112 1187 est,
1144 1150 1184 1176 ut
1200 1140 1319 1188 proba
1343 1142 1379 1175 δε
1409 1140 1509 1175 bona
1533 1137 1615 1185 fint,
1646 1141 1682 1176 ὅς
1703 1142 1800 1177 utin
1816 1153 1872 1179 re·

258 1199 445 1252 positorio
461 1200 618 1248 spatium
634 1200 840 1235 minimum
856 1207 1053 1246 occupent.
1111 1195 1240 1242 Atque
1256 1196 1306 1230 ita
1326 1193 1475 1242 prorsus
1490 1193 1705 1230 faciendum
1721 1195 1780 1231 est.

319 1256 560 1300 SECUNDO,
592 1266 672 1290 non
700 1255 867 1291 multum
882 1253 927 1289 ad
943 1263 1023 1288 rem
1039 1250 1125 1287 facit
1142 1250 1284 1287 luxuria
1308 1249 1620 1286 illahistoriarum
1643 1252 1873 1288 naturalium

265 1312 305 1347 in
329 1309 644 1359 descriptionibus
659 1311 696 1345 ὅς
719 1309 870 1357 pisturis
887 1307 1092 1356 specierum
1119 1302 1337 1349 numerosis,
1367 1315 1477 1351 atquc
1501 1304 1706 1340 earundem
1722 1307 1874 1342 varieta-

262 1376 302 1405 te
322 1364 477 1402 curiosa.
533 1363 759 1409 Hujusmodi
783 1365 886 1400 enim
902 1360 1049 1412 pusillae
1071 1362 1266 1398 varietates
1283 1359 1378 1395 nihil
1402 1359 1502 1395 aliud
1518 1358 1615 1405 sunt,
1645 1370 1758 1407 quam
1775 1360 1875 1398 lusus

263 1419 419 1467 quidam
444 1428 598 1459 naturae
627 1421 664 1456 ὃς
690 1418 847 1465 lascivia,
884 1420 921 1454 ὅ(
948 1428 1065 1467 prope
1089 1416 1133 1451 ad
1155 1415 1441 1452 individuorum
1470 1424 1643 1450 naturam
1669 1415 1874 1453 accedunt:

263 1484 378 1523 atque
405 1473 544 1511 habent
578 1476 880 1524 peragrationem
909 1472 1098 1521 quandam
1131 1471 1171 1506 in
1202 1470 1310 1506 rebus
1340 1468 1421 1518 ipsis
1449 1480 1651 1505 amoenam
1681 1471 1717 1506 δ(
1746 1470 1876 1516 jucun-

264 1529 375 1572 dam3
405 1529 723 1567 informationem
738 1541 829 1567 vero
846 1528 889 1565 ad
908 1528 1075 1564 scientias
1091 1536 1246 1562 tenuem
1263 1527 1299 1560 ὃς
1313 1524 1390 1561 fere
1408 1523 1680 1572 supervacuam.

320 1587 529 1631 TERTIO,
567 1583 692 1621 missae
718 1585 828 1634 plane
860 1583 1051 1620 faciendae
1077 1580 1160 1618 sunt
1185 1591 1322 1617 omnes
1350 1581 1583 1616 narrationes
1610 1579 1877 1628 superstitiosae

268 1639 365 1685 (non
380 1639 468 1677 dico
482 1638 732 1688 prodigiosae,
762 1639 826 1676 ubi
850 1639 1037 1674 memoria
1053 1647 1181 1673 earum
1197 1635 1403 1684 reperietur
1426 1634 1499 1670 fida
1515 1636 1551 1671 &
1567 1635 1785 1683 probabilis,
1814 1636 1877 1674 sed

264 1693 546 1743 superstitiosae)
572 1696 609 1731 &
632 1695 886 1743 experimenta
910 1695 1054 1742 magiae
1077 1691 1350 1728 ceremonialis.
1413 1690 1608 1727 Nolumus
1631 1692 1733 1726 enim
1757 1691 1878 1740 philo-

211 1772 214 1776 ·
268 1748 420 1798 sophiae
443 1748 654 1795 infantiam,
683 1750 743 1786 cui
769 1749 917 1785 historia
937 1747 1116 1785 naturalis
1139 1748 1300 1795 primam
1319 1745 1471 1794 praebet
1494 1756 1715 1791 mammam,
1744 1746 1879 1784 fabulis

266 1803 429 1841 anilibus
451 1802 658 1841 assuescere.
717 1805 797 1840 Erit
818 1803 967 1841 fortaffe
996 1813 1144 1851 tempus
1166 1798 1377 1850 (postquam
1401 1801 1440 1836 in
1462 1798 1746 1848 inquilitionem
1773 1813 1879 1839 natu-

267 1870 329 1896 tae
358 1859 471 1908 paulo
499 1859 608 1896 altius
635 1869 875 1909 penetratum
903 1856 958 1906 fit)
989 1855 1204 1903 hujusmodi
1232 1868 1289 1892 res
1317 1857 1449 1893 leviter
1477 1856 1741 1904 percurrendi3
1785 1867 1827 1894 ut
1851 1854 1879 1896 fi

268 1913 359 1962 quid
381 1915 422 1950 in
445 1914 519 1950 illis
543 1913 706 1951 faecibus
719 1913 867 1951 haereat
891 1914 1039 1951 virtutis
1059 1913 1249 1957 naturalis,
1280 1923 1321 1947 ca
1345 1910 1486 1947 extrahi
1511 1913 1547 1947 δ(
1570 1912 1611 1947 in
1627 1910 1735 1948 usum
1761 1912 1879 1949 condi

266 1964 392 2017 poss'it.
450 1969 608 2006 Interim
636 1969 869 2018 seponendac
886 1968 982 2006 sunt,
1039 1968 1163 2005 Etiam
1187 1968 1329 2015 magiae
1345 1966 1523 2003 naturalis
1548 1968 1803 2014 experimenta
1825 1968 1880 2005 di·

268 2024 429 2071 ligenter
454 2025 491 2060 <Sc
514 2036 602 2061 cum
625 2024 816 2062 severitate
839 2023 1054 2062 ventilanda
1080 2022 1176 2069 sunt,
1206 2031 1408 2070 antequam
1432 2022 1684 2069 recipiantur-3
1718 2021 1878 2070 praeser-

270 2080 341 2114 tim
361 2079 435 2125 illa,
465 2091 559 2127 quae
582 2091 625 2116 ex
647 2080 860 2127 vulgaribus
879 2078 1096 2128 sympathiis
1117 2080 1153 2114 δε
1177 2076 1403 2125 antipathiis,
1433 2088 1569 2125 magna
1593 2088 1682 2114 cum
1707 2076 1880 2116 socordia

271 2135 307 2170 ὃς
323 2132 499 2170 facilitate
515 2134 692 2171 credendi
706 2132 815 2171 simul
830 2136 866 2171 ὅ(
881 2133 1061 2183 fingendi,
1092 2133 1250 2170 derivari
1267 2130 1401 2168 solent.

324 2189 364 2225 N
373 2199 500 2240 EQUE
524 2189 592 2235 nil,
621 2200 684 2227 aut
707 2201 839 2238 parum
855 2189 978 2226 ac‘tum
1001 2186 1066 2235 est,
1096 2189 1136 2224 in
1157 2186 1394 2224 exoneranda
1409 2185 1558 2223 historia
1583 2186 1745 2223 naturali
1760 2187 1882 2226 tribus

271 2242 329 2279 his
359 2242 467 2290 (quae
495 2243 670 2292 diximus)
701 2245 811 2281 rebus
840 2243 1052 2294 superfluis;
1095 2255 1189 2292 quae
1214 2244 1302 2280 alias
1329 2242 1525 2280 volumina
1546 2242 1767 2289 impleturae
1795 2241 1882 2280 fuis

274 2295 368 2333 sent.
431 2297 569 2345 Neque
592 2308 720 2335 tamen
735 2298 797 2335 hic
821 2298 916 2335 finis.
970 2299 1105 2347 Aeque
1131 2299 1235 2335 enim
1250 2298 1454 2346 requiritur
1470 2297 1511 2333 in
1526 2307 1641 2344 opere
1658 2308 1812 2346 magno,
1838 2307 1882 2336 ut

279 2360 360 2387 tam
388 2361 430 2386 ea
453 2363 546 2399 quac
572 2353 815 2401 recipiuntur,
855 2354 1038 2391 succinere
1061 2353 1291 2393 scribantur-3
1330 2363 1443 2399 quam
1468 2361 1509 2388 ut
1536 2351 1718 2400 superflua
1741 2352 1882 2390 abscin-

273 2404 429 2442 dantur:
458 2407 546 2443 licet
567 2409 714 2443 nemini
729 2408 887 2445 dubium
908 2409 977 2445 effe
991 2405 1118 2459 possit,
1148 2409 1241 2456 quin
1261 2405 1477 2452 hujusmodi
1499 2405 1637 2443 castitas
1653 2408 1690 2443 ὃ(
1710 2407 1883 2455 brevitas,

273 2460 565 2497 delectationem
593 2462 718 2499 multo
750 2464 943 2500 minorem
971 2474 1056 2501 tum
1090 2463 1234 2512 legenti
1262 2471 1346 2499 tum
1377 2460 1553 2498 scribenti
1583 2461 1798 2510 praebitura
1825 2461 1881 2500 fit.

273 2515 423 2553 Verum
443 2516 538 2553 illud
560 2515 703 2566 semper
724 2518 991 2556 inculcandum
1016 2518 1087 2559 cst3
1114 2517 1189 2554 hoc
1211 2516 1315 2565 quod
1335 2526 1494 2566 paratur,
1523 2517 1704 2554 horreum
1720 2517 1788 2554 esse
1803 2527 1883 2555 tan-

276 2570 482 2607 tummodo
505 2572 541 2608 &
563 2574 864 2621 promptuarium
887 2585 1033 2615 rcrum3
1064 2575 1102 2610 in
1119 2585 1197 2622 quo
1212 2584 1293 2608 non
1309 2571 1543 2609 manendum
1559 2582 1621 2608 aut
1636 2571 1884 2610 habitandum

275 2622 318 2661 sit
342 2636 429 2661 cum
452 2626 655 2675 voluptate,
692 2626 755 2664 sed
781 2639 828 2664 eo
850 2627 1164 2674 descendendum,
1200 2637 1314 2676 prout
1344 2639 1401 2663 res
1422 2627 1591 2676 postulat,
1628 2638 1716 2664 cum
1742 2627 1885 2676 aliquid

275 2678 323 2715 ad
338 2679 445 2717 usum
461 2679 685 2717 sumendum
700 2679 754 2728 fit,
783 2683 881 2719 circa
899 2694 993 2732 opus
1015 2684 1227 2733 interpretis
1242 2682 1347 2730 quod
1366 2680 1538 2719 succedit.

329 2734 396 2772 IV.
427 2735 479 2772 IN
496 2734 645 2772 historia
665 2749 778 2785 quam
795 2738 1020 2785 requirimus
1040 2741 1076 2775 ὅ(
1091 2739 1223 2775 animo
1242 2737 1478 2783 destinamus,
1508 2747 1595 2775 ante
1610 2738 1742 2774 onmia
1756 2736 1885 2776 viden-

277 2787 372 2824 dum
395 2786 459 2837 cst,
496 2799 538 2827 ut
566 2791 640 2827 late
661 2802 795 2841 pateat,
825 2795 861 2829 ὅ(
888 2792 980 2829 faeta
1003 2790 1044 2829 fit
1074 2794 1118 2830 ad
1147 2791 1363 2830 mensuram
1385 2790 1555 2829 universi.
1614 2793 1751 2840 Neque
1779 2794 1885 2830 enim

277 2842 472 2881 arctandus
495 2841 547 2882 est
569 2846 733 2883 mundus
755 2847 800 2883 ad
825 2847 1004 2896 angustias
1027 2848 1247 2894 intellectus,
1280 2847 1398 2895 (quod
1425 2846 1544 2884 adhuc
1568 2845 1708 2883 fastum
1734 2847 1795 2895 est)
1821 2846 1885 2885 sed

276 2899 541 2946 expandendus
581 2897 788 2939 intellcCtus
819 2904 856 2938 ὅ(
895 2902 1083 2949 laxandus,
1125 2903 1171 2940 ad
1199 2904 1335 2940 mundi
1372 2903 1579 2951 imaginem
1616 2902 1884 2950 recipiendam,

218 2985 221 2988 .
278 2954 398 3000 qualis
422 2954 623 2992 invenitur.
679 2956 774 2993 Istud
800 2958 916 3003 enim,
961 2957 1140 3006 respicere
1168 2970 1294 3008 pauca,
1334 2959 1371 2994 δε
1397 2959 1649 3006 pronunciare
1678 2955 1886 2995 secundum

279 3019 406 3057 pauca,
444 3011 574 3045 omnia
598 3011 771 3060 perdidit.
826 3013 1075 3049 Resumentes
1098 3015 1212 3062 igitur
1236 3013 1494 3062 partitionem,
1522 3023 1637 3060 quam
1662 3012 1776 3059 paulo
1799 3022 1887 3050 ante

278 3061 438 3100 fecimus
466 3063 637 3102 historiae
666 3067 842 3103 naturalis
872 3066 990 3115 (quod
1018 3065 1059 3103 fit
1087 3070 1391 3116 generationum,
1433 3068 1885 3116 practer-generationum,

279 3118 317 3155 ὅ(
331 3119 469 3157 artium
479 3120 504 3168 5)
533 3119 707 3159 historiae
720 3123 1011 3170 generationum
1026 3122 1284 3166 constituimus
1299 3132 1420 3174 partes
1440 3124 1619 3170 quinque.
1677 3122 1732 3158 Sit
1753 3124 1885 3171 prima,

1728 3177 1886 3215 aetheris

1859 3304 1877 3333 1
