1973 3570
303 250 415 298 DE
461 232 986 301 sAPtENTrA
1038 241 1498 303 VETERUM.

84 344 276 398 aliquanto
297 348 451 398 propius
475 347 522 385 ad
549 346 744 386 veritatem
772 346 876 387 verbi
895 346 1013 385 divini
1041 345 1201 395 accessit,
1228 349 1332 395 cujus
1359 349 1522 387 narratio
1550 347 1695 391 materi-

82 412 151 442 am,
172 400 382 440 informem
405 413 494 441 ante
524 414 637 454 opera
664 403 811 441 dierum
825 402 961 440 statuit.
1018 402 1209 442 Sententia
1223 404 1368 442 fabulae
1391 405 1603 450 hujusmodi
1628 408 1687 445 cst.

84 451 237 509 Caelum
258 455 329 494 ess'e
342 469 553 496 concavum
586 457 693 505 illud,
728 456 801 496 five
824 457 1025 504 ambitum,
1059 460 1165 509 quod
1191 462 1385 497 materiam
1411 461 1683 509 compleelitur'.

83 507 294 565 Saturnum
309 523 435 550 autem
450 514 646 550 materiam
661 511 790 562 ipsam,
817 524 915 562 quae
937 524 1097 550 ornnem
1119 513 1321 563 generandi
1338 513 1413 551 vim
1428 514 1572 565 parenti
1585 528 1684 565 prac—

80 564 201 620 scidit.
256 567 456 604 Summam
470 567 573 605 enim
597 566 772 604 materiae
785 578 967 617 perpetuo
980 567 1139 605 eandem
1155 568 1250 610 ess'e3
1279 581 1399 620 neque
1424 569 1544 618 ipsum
1570 583 1685 622 quan-

67 617 166 659 tum
187 616 342 659 naturae
368 622 529 660 crescere
559 632 623 659 aut
653 620 784 660 minui.
840 623 1084 672 Agitationes
1115 634 1241 661 autem
1270 623 1310 660 δε
1336 634 1463 661 motus
1498 625 1683 673 materiae,

69 676 209 728 *primo
234 676 465 725 imperfectas
488 680 524 714 ὅ(
551 678 650 714 male
669 677 911 714 cohaerentes
938 689 1065 714 rerum
1090 689 1289 728 compages
1315 678 1532 728 produxisse,
1562 682 1597 716 &
1628 694 1683 717 ve-

76 731 151 784 luti
172 740 406 768 tentamenta
432 732 687 769 mundorum:
716 730 804 769 dein
835 729 914 770 aevi
932 732 1098 783 processu
1123 731 1300 770 fabricam
1328 744 1452 771 ortam
1480 734 1560 781 effe,
1589 748 1683 786 quae

76 782 246 823 formam
275 785 379 823 suam
404 786 500 824 tueri
521 788 559 823 ὅ(
582 786 798 824 conservare
824 787 955 839 posset.
1010 789 1138 836 Itaque
1165 789 1332 840 priorem
1353 791 1431 826 aevi
1462 788 1683 828 distributio-

68 835 168 877 nem
179 852 243 892 per
256 852 419 889 regnum
432 839 597 880 Saturni
619 840 826 891 significari,
854 843 919 894 qui
948 841 1000 879 ob
1027 842 1242 892 frequentes
1258 856 1383 881 rerum
1412 844 1683 893 diss'olutioncs,

77 895 119 932 ὃ(
143 894 271 938 breves
287 895 513 944 (lutationes,
542 895 707 934 filiorum
735 896 889 934 suorum
919 897 1120 935 devorator
1133 898 1278 937 habitus
1299 897 1369 936 est:
1399 898 1598 937 secundam
1621 906 1682 939 au-

76 959 158 987 tem
170 960 236 999 per
251 962 408 999 regnum
422 949 562 1003 Jovis,
591 953 656 1000 qui
670 951 868 990 continuas
882 951 959 989 istas
979 954 1013 989 ὃ(
1030 950 1251 991 transitorias
1272 955 1502 991 mutationes
1528 956 1569 992 in
1586 951 1680 993 Tar-

73 1011 208 1042 tarum
225 1002 405 1048 detrufit3
433 1008 498 1058 qui
527 1008 632 1044 loeus
657 1008 980 1059 perturbationem
1006 1005 1194 1057 fignificat.
1248 1010 1281 1045 Is
1308 1010 1412 1046 locus
1441 1009 1587 1046 videtur
1609 1010 1680 1049 effe

74 1056 233 1112 spatium
246 1057 346 1097 inter
369 1059 445 1098 ima
458 1061 555 1099 coeli
576 1065 614 1099 ὅ(
640 1061 819 1099 interiora
849 1072 966 1098 terrae
989 1063 1186 1104 medium3
1214 1075 1293 1114 quo
1312 1064 1511 1101 intervallo
1538 1074 1679 1115 pertut-

75 1112 180 1167 batio
202 1116 240 1151 δε
267 1114 442 1164 fragilitas
466 1118 502 1153 &
523 1118 730 1154 mortalitas
756 1114 827 1154 five
840 1115 1032 1165 corruptio
1054 1119 1217 1155 maxime
1236 1117 1409 1155 versatur.
1463 1118 1593 1169 Atque
1611 1120 1678 1157 du-

73 1180 182 1207 rante
205 1170 331 1222 priore
339 1169 403 1208 illa
415 1173 658 1220 generatione
678 1183 817 1218 rerum,
846 1183 940 1219 quae
955 1172 1021 1209 sub
1036 1184 1154 1221 regno
1162 1169 1326 1209 Saturni
1339 1174 1474 1219 tenuit,
1492 1173 1676 1213 Venerem

32 1261 35 1263 ,
73 1234 203 1262 natam
233 1236 318 1261 non
350 1224 464 1262 fuiss'e.
518 1227 657 1263 Donec
679 1225 782 1263 enim
814 1225 854 1262 in
890 1223 1121 1264 universitate
1163 1225 1337 1264 materiae
1375 1226 1556 1266 discordia
1593 1229 1678 1267 ess'et

72 1277 278 1316 concordia
289 1279 467 1330 potior&
487 1282 683 1327 valentior,
711 1279 873 1317 mutatio
899 1293 965 1332 per
979 1291 1108 1318 totum
1136 1281 1336 1319 necessario
1359 1282 1452 1320 faCta
1479 1283 1539 1330 est,
1569 1291 1679 1335 atque

72 1333 114 1372 in
136 1331 212 1386 ipsa
236 1332 376 1372 fabrica
401 1334 581 1385 integrali.
638 1337 748 1372 Tales
773 1347 864 1373 vero
890 1334 1148 1384 generationes
1180 1348 1309 1373 rerum
1334 1335 1548 1384 extiterunt,
1576 1346 1678 1376 ante-

68 1401 186 1440 quam
207 1385 400 1427 Saturnus
427 1391 570 1428 exectus
588 1390 685 1428 esset.
742 1391 855 1428 Hunc
881 1402 972 1428 vero
996 1389 1245 1440 generationis
1275 1391 1436 1428 modum
1466 1392 1678 1441 cessantem,

71 1440 166 1481 alter
185 1444 251 1482 ille
274 1445 411 1481 modus
432 1447 620 1484 continuo
629 1446 783 1495 excepit,
812 1443 875 1496 qui
894 1451 959 1495 per
974 1445 1159 1484 Venerem
1170 1446 1230 1483 fit:
1260 1446 1384 1483 adulta
1413 1449 1450 1483 ὃς
1472 1449 1679 1498 praevalida

71 1511 202 1543 rerum
215 1498 441 1543 concordia5
469 1510 511 1538 ut
524 1500 686 1537 mutatio
705 1511 854 1537 tantum
882 1513 947 1551 per
969 1511 1089 1549 partes
1116 1501 1305 1550 procedat,
1333 1499 1476 1550 integra
1491 1503 1528 1538 δε
1547 1501 1679 1540 incon-

72 1554 171 1592 euffa
199 1552 335 1591 fabrica
363 1554 588 1593 universali:
630 1552 841 1593 Saturnum
865 1565 993 1592 tamen
1020 1555 1211 1593 detrusum
1240 1557 1277 1592 ὃ(
1304 1555 1556 1602 deturbatum,
1595 1569 1678 1601 non

71 1618 309 1660 peremptum
325 1610 360 1646 ὅ(
378 1611 585 1647 extinctum
603 1620 768 1657 narrant,
795 1611 884 1658 quia
911 1609 1100 1648 mundum
1126 1609 1166 1648 in
1194 1608 1386 1661 antiquam
1399 1609 1675 1660 confufionem‚

71 1661 342 1713 &interregna
367 1663 481 1702 relabi
495 1665 608 1716 poise,
636 1664 767 1715 opinio
787 1663 1017 1703 Democriti
1043 1675 1138 1702 erat:
1167 1665 1274 1717 quod
1290 1662 1502 1704 Lucretius
1527 1677 1576 1703 ne
1602 1666 1677 1706 suis

71 1717 305 1770 temporibus
315 1718 476 1757 eveniret
491 1720 705 1770 deprecatus
724 1720 783 1757 est.
842 1717 933 1757 Lib.
950 1721 999 1758 V.
1026 1718 1116 1757 108.

290 1791 556 1846 Qtodproeul
566 1805 590 1830 a
604 1790 1029 1844 nobisflet‘Jatfhrtuna
1040 1788 1277 1844 gubernans,

289 1846 351 1885 Et
371 1850 474 1886 ratio
487 1849 636 1902 potius,
666 1860 780 1901 quam
794 1844 1096 1900 resperfitadeat
1117 1846 1211 1900 ‘Pstl—

123 1936 243 1979 Post
253 1952 395 1994 QUAM
418 1951 543 1979 autem
558 1943 721 1980 mundus
737 1943 840 1979 mole
864 1944 902 1979 ὅ(
925 1940 960 1981 vi
987 1940 1049 1979 sua
1076 1939 1297 1988 consisteret,
1325 1950 1452 1979 tamen
1481 1940 1604 1980 otium
1625 1941 1675 1981 ab'

67 1995 182 2034 initio
210 2009 290 2035 non
320 1995 434 2034 fuiss'e.
491 1998 596 2036 Nam
618 1998 761 2035 secutos
787 1995 955 2049 primum·
983 1997 1023 2034 in
1053 1997 1270 2034 coelestibus
1297 1995 1512 2045 regionibus
1545 2009 1675 2036 motus

68 2051 265 2099 notabiles,
289 2050 366 2103 qui,
393 2051 528 2090 virtute
551 2051 639 2090 solis
655 2054 697 2089 in
719 2050 933 2089 coelestibus
956 2052 1276 2103 praedominante,
1306 2051 1355 2088 ita
1377 2050 1485 2104 sopiti
1505 2051 1602 2101 sunt,
1629 2059 1673 2091 ut

69 2106 205 2145 mundi
229 2107 339 2145 status
365 2106 666 2145 conservaretur:
706 2106 828 2159 postea
856 2105 1024 2144 similiter
1055 2108 1096 2143 in
1128 2107 1390 2148 inferioribus
1418 2119 1483 2158 per
1518 2106 1673 2145 inunda-

66 2164 205 2209 tiones,
232 2161 470 2212 tempestates,
500 2172 645 2210 ventos‚·
674 2172 792 2199 terrae
822 2172 954 2200 motus
989 2160 1108 2210 magis*
1132 2161 1364 2209 univers-alea
1396 2162 1530 2213 quibus
1558 2164 1672 2200 etiam

68 2212 249 2270 oppreffis
276 2219 314 2255 δ(
355 2213 540 2267 diffipads,
588 2218 705 2267 magis
746 2227 871 2268 pacata
904 2229 946 2253 ae
981 2215 1156 2253 durabilis
1194 2228 1319 2254 rerum
1362 2216 1589 2268 conspiratio
1633 2220 1671 2255 δέ

4 2271 7 2315 ἶ
67 2271 314 2323 tranquillitas
333 2273 500 2310 accrevit.
557 2273 700 2311 Verum
721 2272 767 2308 de
791 2272 852 2308 ista
880 2271 1002 2308 fabula
1025 2281 1228 2322 utrumque
1264 2272 1506 2320 pronunciari
1539 2272 1672 2323 potest,

68 2329 108 2364 ὅ(
126 2326 291 2364 fabulam
314 2326 589 2377 philosophiam
609 2325 818 2373 continere,-
845 2328 883 2363 ὅ(
909 2324 1186 2377 philosophiam
1208 2325 1330 2362 rursus
1357 2325 1532 2363 fabulam.
1590 2329 1673 2365 No-

68 2383 191 2418 vimus
219 2383 322 2418 enim
349 2382 405 2428 (ex
432 2381 518 2429 fide)
547 2382 637 2420 hacc
662 2380 792 2419 omnia
816 2381 872 2417 nil
900 2379 999 2417 aliud
1024 2380 1105 2426 effe,
1147 2392 1262 2428 quam
1289 2379 1412 2417 senius
1447 2381 1675 2434 jampridem

68 2435 236 2474 cessantia
253 2439 287 2473 δε
306 2436 513 2475 deficientia
531 2437 699 2474 oracula:
728 2448 818 2473 eum
839 2433 972 2472 mundi
996 2437 1032 2472 ὃς
1047 2436 1205 2472 materia
1227 2436 1264 2471 ὃς
1286 2434 1424 2472 fabrica
1445 2435 1491 2472 ad
1516 2436 1672 2474 Creato-

7 2517 9 2520 ι
68 2503 154 2542 tem
166 2487 351 2531 verillime
367 2492 558 2530 referatur.

0 3224 7 3256 ἰ

498 2618 570 2663 13.
610 2601 758 2650 PROT
774 2616 883 2659 EUS5
905 2600 1004 2666 five·
1030 2597 1253 2647 Materia.

121 2716 377 2753 NARRANT
397 2716 528 2765 po'e'tae
544 2713 735 2753 Proteum
744 2712 813 2754 Ne
839 2721 930 2752 tuno
939 2713 1121 2766 pastorem
1131 2711 1263 2753 fuifse3
1291 2711 1528 2765 eundemque
1543 2712 1673 2750 senem·

67 2769 260 2811 &vc-tenu
290 2781 414 2808 vatem
443 2769 577 2807 scilicet
604 2769 811 2821 praestantii
828 2766 953 2807 imum
987 2771 1024 2805 &
1046 2767 1161 2806 veluti
1186 2778 1243 2806 ter
1269 2766 1488 2808 maximum.
1544 2769 1674 2806 Nove-¹

67 2835 123 2861 tat
140 2826 244 2862 enim
271 2838 352 2863 non
385 2825 511 2862 futura
538 2824 785 2863 solummodo
818 2824 878 2862 sed
911 2826 948 2861 δε
978 2824 1172 2875 praeterita
1198 2824 1237 2860 <Se
1263 2823 1478 2874 praesentia,
1505 2823 1600 2860 ade'o
1627 2823 1673 2858 ut

66 2889 214 2930 praeter
235 2879 518 2926 divinationem,
548 2879 659 2916 etiam
675 2879 800 2917 omnis
826 2877 1053 2929 antiquitatis
1068 2879 1106 2914 δε
1125 2876 1302 2915 omnium
1330 2877 1559 2915 iecrct'orum
1573 2878 1673 2912 nun—‘

67 2933 144 2970 eius
170 2946 212 2971 ac
241 2936 420 2985 interpres
455 2935 552 2972 ess'et.
607 2935 829 2971 Mor-abatur
859 2944 987 2971 autem
1016 2932 1081 2970 sub
1108 2931 1255 2982 ingenti
1279 2931 1405 2982 specu:
1450 2930 1509 2982 ¹Ibi
1527 2929 1561 2966 ci
1583 2932 1675 2966 mos<

67 2998 145 3024 erat
160 2986 226 3026 sub
244 2988 441 3027 meridiem
459 3001 613 3039 gregem
641 2989 750 3027 suum
770 2989 978 3038 phocarum
1002 2999 1210 3034 numerare,
1238 2998 1350 3039 atque
1367 2984 1500 3023 deinde
1528 2984 1674 3022 somno

66 3043 102 3080 se
119 3045 215 3079 dare.
270 3043 347 3096 Qui
364 3054 492 3082 autem
514 3056 628 3094 opera
654 3045 731 3088 ejus
748 3043 870 3094 aliqua
895 3041 935 3079 in
958 3054 999 3079 re
1019 3041 1073 3080 uti
1099 3042 1262 3089 volebat,
1291 3041 1319 3079 is
1346 3052 1427 3078 non
1451 3037 1528 3098 alio
1545 3039 1675 3076 modo?

66 3098 271 3147 apiideum
285 3100 406 3137 valete
427 3109 588 3150 poterat,
616 3097 684 3136 nifi
700 3111 789 3136 eum
813 3098 970 3135 manicis
989 3096 1305 3149 comprehensum
1323 3094 1477 3132 vinculis
1491 3093 1675 3141 constrinf

18 3155 19 3194 l
66 3163 179 3201 geret.
237 3153 305 3191 lue
322 3162 469 3203 eontra,
498 3164 540 3203 ut
554 3153 785 3201 sehbemrer,
814 3151 854 3189 in
872 3164 1009 3191 omnes
1021 3152 1179 3201 formafij
1202 3161 1312 3201 atque
1332 3157 1458 3187 rerum
1476 3145 1673 3194 miracula,1

125 3206 226 3248 Vnt..
244 3206 287 3245 IL
801 3209 832 3246 Z
852 3219 875 3245 z
905 3216 930 3243 2
1529 3203 1675 3251 ignem„
