1973 3570
11 3240 13 3272 ¹,

163 211 256 261 DE
311 210 1136 260 INTERPRETATIONE
1189 213 1585 267 NATURAE.

36 334 40 337 ’
68 316 269 362 licentiam,
290 329 360 354 nec
375 317 615 354 authoritatis
640 314 855 353 servitutem
871 315 1126 367 amplectatur.
1184 318 1279 355 Non
1303 315 1512 359 affirmandi
1538 322 1578 362 sit
1602 338 1684 377 pro-

66 384 188 422 ¹perus,
215 383 283 408 nee
306 371 344 409 in
368 372 648 409 dubit-ationem
672 370 828 418 solutuS,
857 371 918 407 sed
946 369 1087 420 lingula
1107 373 1223 421 gradu
1252 374 1419 421 quodam
1448 380 1683 426 probationis

70 424 239 475 insignita
255 427 445 476 provehat.
505 428 594 477 Spes
612 429 646 463 ei
671 427 820 472 laboris,
845 438 926 463 nou
956 427 1026 463 otii
1056 427 1192 464 author
1220 426 1282 468 fit3
1326 441 1381 466 res
1408 442 1489 469 non
1518 434 1680 483 raritate,

67 479 298 532 difficultate,
323 492 384 518 aut
406 482 525 528 laude,
550 481 609 519 sed
625 483 722 519 veris
743 479 948 518 momentis
972 479 1149 520 aestimet.
1211 482 1355 521 Privata
1380 488 1534 535 negotia
1558 491 1679 538 perso-

68 547 178 574 natus
197 535 439 581 administret,
458 549 582 574 rerum
599 547 728 573 tamen
744 534 909 586 provisus
926 535 1185 575 subvenerans.
1247 540 1429 576 Errorum
1443 543 1484 578 in
1498 547 1679 592 veritates,

69 590 320 629 &veritatum
350 594 390 629 in
419 604 563 628 errores
586 590 831 640 subingressus
860 590 1062 640 prudenter
1085 593 1264 640 advertat,
1299 593 1396 631 nihil
1426 608 1680 637 contemnens

69 657 130 684 aut
150 645 348 683 admirans.
406 649 572 684 Naturae
590 646 671 683 suae
690 645 982 682 commoditates
996 649 1111 684 norit.
1169 650 1335 686 Naturae
1350 651 1513 688 aliorum
1531 665 1679 692 morem

69 712 184 751 gerat,
201 714 288 738 cum
304 713 421 738 nemo
434 701 547 753 lapidi
564 702 792 752 impingenti
809 699 1028 738 succenseat.
1090 703 1188 742 Uno
1205 703 1318 740 veluti
1339 706 1455 742 oculo
1473 719 1599 745 rerum
1616 723 1677 747 na-

70 768 181 802 turas,
201 758 320 793 altero
334 757 520 793 humanos
550 755 633 793 usus
661 766 835 807 pererret.
893 756 1106 794 Verborum
1136 758 1292 796 mixtam
1323 770 1494 798 naturam
1519 765 1555 800 ὅ(
1580 765 1677 808 juva-

69 813 189 848 mcnti
207 813 480 848 &nocumenti
498 810 680 861 imprimis
709 810 928 860 participem
951 811 1116 849 distincte
1143 813 1238 851 sciat.
1296 814 1435 852 Artem
1460 815 1676 858 inveniendi

68 878 155 904 cum
172 868 329 903 invento
343 866 553 903 adolescere
570 867 708 904 statuat.
767 865 946 903 Sitctiam
962 865 1000 903 in
1018 867 1178 915 seientia,
1203 881 1316 921 quam
1345 871 1498 920 adeptus
1515 873 1574 920 est,
1604 888 1676 913 nee

67 921 290 958 occultanda
307 933 376 958 nec
391 922 615 970 proferenda
630 933 756 967 vanuS,
771 921 829 958 sed
843 921 1025 971 ingenuus
1041 924 1077 959 ὅ(
1092 925 1253 972 prudens
1271 939 1279 960 :
1313 926 1507 975 tradatque
1523 929 1676 968 inventa

65 989 148 1013 non
169 975 365 1013 ambitiose
384 988 447 1013 aut
465 975 639 1026 maligne,
663 977 724 1015 sed
742 977 863 1013 modo
886 979 1053 1026 primum
1069 981 1232 1016 maxime
1261 980 1376 1019 vivaci
1405 984 1441 1018 ὅ(
1462 994 1611 1032 vegeto,
1636 985 1674 1023 id

66 1031 126 1077 cst,
141 1032 187 1068 ad
203 1031 353 1077 injurias
367 1034 549 1084 temporis
566 1029 829 1078 munitissimo,
847 1034 883 1069 ὃ(
898 1033 943 1069 ad
958 1031 1151 1070 seientiam
1160 1037 1438 1086 propagandam
1455 1035 1671 1087 fordffimo,

66 1087 203 1124 deinde
218 1088 262 1124 ad
279 1099 417 1124 errores
432 1088 629 1136 pariendos
646 1083 969 1134 innocentiffinio,
983 1090 1019 1124 ὅ(
1034 1098 1120 1125 aute
1136 1090 1279 1138 onmia,
1296 1090 1360 1141 qui
1375 1089 1438 1128 fibi
1455 1093 1672 1142 legitimum

68 1142 249 1179 lectorem
266 1141 431 1192 seponat.

613 1219 686 1259 De
713 1217 833 1272 officio
861 1221 1105 1275 interpretis-⁶

118 1318 164 1353 X.
195 1317 273 1353 ITA
306 1326 475 1352 moratus
512 1317 548 1352 δε
582 1326 816 1366 comparatus
848 1317 1029 1367 interpres
1059 1316 1104 1352 ad
1146 1314 1249 1353 hune
1284 1317 1447 1355 modum
1474 1322 1666 1371 procedat.

67 1370 346 1408 Conditionem
375 1369 540 1408 hominis
567 1371 764 1420 reputabit,
794 1370 1063 1420 impedimenta
1095 1369 1415 1420 interpretationis
1444 1378 1668 1425 removebit,

66 1435 149 1463 tum
161 1427 207 1463 ad
222 1439 316 1478 opus
329 1427 513 1463 aecinfiffls
531 1425 719 1462 historiam
735 1425 871 1476 parabit
889 1429 925 1464 ὃς
946 1428 1137 1464 ordinatas
1155 1426 1367 1464 chartarum
1385 1428 1559 1478 sequelas,
1582 1445 1669 1470 una-

65 1493 138 1529 que
153 1481 250 1528 usus,
266 1481 584 1527 coordinationes,
603 1483 854 1518 occurrentias
878 1483 915 1518 &
939 1481 1126 1518 schedulas
1140 1481 1314 1520 instituet.
1371 1485 1518 1522 Rerum
1542 1486 1669 1524 solitu-

63 1534 192 1573 dinem
208 1539 242 1573 &
260 1536 312 1573 sui
326 1535 610 1574 similitudinem
632 1536 929 1587 repraesentabit.
985 1538 1090 1589 Quin
1107 1538 1143 1573 ὃς
1163 1549 1289 1574 rerum
1301 1538 1489 1576 delectum
1504 1540 1667 1590 habebit,

65 1603 232 1643 quaeque
246 1591 407 1630 maxime
422 1590 627 1643 primitivae
642 1592 725 1629 sunt
747 1593 804 1629 vel
820 1590 1003 1639 instantes,
1025 1593 1061 1628 id
1078 1591 1136 1637 est,
1153 1593 1211 1629 vel
1227 1605 1353 1630 rerum
1367 1595 1523 1632 aliarum
1539 1597 1669 1635 inven-

66 1645 176 1694 tioni,
191 1648 250 1685 vel
266 1647 438 1684 humanis
450 1643 722 1685 necessitatibus
736 1648 930 1698 praecipue
945 1648 1176 1693 conducunt,
1189 1647 1474 1698 praeordinabit.
1531 1650 1667 1690 Instan-

67 1700 204 1739 tiarum
220 1700 334 1739 'etiam
351 1701 659 1752 praeeminentias
676 1701 896 1749 observabit,
926 1715 1018 1753 quae
1046 1703 1090 1739 ad
1107 1703 1229 1753 operis
1262 1704 1533 1753 compendium
1557 1707 1669 1756 pluri-

65 1768 174 1793 mum
194 1757 354 1806 poss'unt.
410 1758 538 1806 Atque
554 1757 603 1794 ita
628 1756 820 1794 insti-uetus
853 1757 1148 1794 reordinationes
1172 1758 1341 1804 demum,
1367 1761 1403 1797 δε
1428 1760 1569 1798 chartas
1600 1775 1668 1799 no-

63 1813 174 1848 vellas
194 1824 235 1848 ac
255 1810 728 1862 ipsaminterpretationem
746 1811 892 1849 facilem
908 1814 980 1858 jam
999 1815 1033 1850 ὅ(
1052 1813 1184 1864 sponte
1200 1812 1429 1861 sequentem,
1446 1814 1525 1852 imo
1537 1828 1666 1855 mente

64 1866 141 1903 fere
161 1877 391 1918 praereptam
407 1879 551 1904 mature
568 1871 603 1905 ὃ(
617 1867 774 1904 feliciter
791 1868 1027 1917 aggredietur
1043 1870 1078 1904 &
1089 1867 1264 1917 perficiet.
1324 1870 1440 1921 Quod
1452 1869 1513 1908 ubi
1523 1870 1665 1920 fecerit,

65 1920 251 1959 continuo
261 1933 382 1968 veros,
393 1933 564 1959 aeternos
577 1925 612 1959 &
627 1919 911 1972 liu-iplieiffimos
927 1934 1078 1960 naturae
1095 1933 1236 1969 motuS,
1253 1936 1296 1960 ex
1310 1937 1476 1972 quorum
1489 1926 1666 1965 ordinato

66 1978 102 2013 &
117 1974 403 2014 calculatissimo
418 1978 603 2026 progress'u
620 1977 763 2014 infinita
773 1978 862 2014 haee
872 1977 953 2015 tu'm
967 1978 1180 2028 praesentiS,
1193 1989 1277 2014 tum
1288 1981 1413 2016 omnis
1423 1979 1500 2018 aevi
1512 1982 1666 2020 varietas

66 2034 240 2081 emergit,
263 2045 353 2084 pura
383 2035 418 2068 ὅ(
449 2031 570 2070 nativa
602 2035 685 2070 luce
714 2033 852 2070 videbit
886 2036 922 2070 <Sc
950 2032 1174 2070 numerabit.
1230 2034 1460 2084 interimque
1486 2036 1532 2072 ab
1553 2036 1666 2075 initio

63 2089 187 2138 operis
201 2087 375 2126 humanis
397 2089 504 2124 rebus
519 2089 636 2125 multa
657 2091 693 2126 δε
708 2090 913 2138 incognita,
938 2088 1051 2126 veluti
1068 2089 1213 2134 foenus,
1235 2086 1376 2127 assidue
1399 2092 1563 2140 recipere
1580 2104 1662 2129 non

64 2143 230 2181 omittet.
289 2143 361 2181 Sed
390 2143 478 2179 hine
499 2144 627 2180 denuo
656 2154 758 2180 totus
792 2145 831 2180 in
856 2144 1041 2181 humanos
1069 2144 1155 2181 usus
1184 2156 1385 2193 rerumque
1413 2146 1664 2195 praesentium

60 2196 196 2233 statum
211 2197 411 2235 conversus
426 2199 461 2234 &
483 2199 659 2244 intentus,
690 2197 818 2236 omnia
833 2199 973 2236 diversa
988 2199 1043 2236 via
1068 2201 1104 2236 ὃ(
1127 2199 1173 2237 ad
1203 2199 1389 2237 actionem
1411 2201 1604 2238 ordinabit
1628 2204 1664 2238 ὃς

66 2251 250 2301 disponet.
309 2255 464 2290 Naturis
502 2250 750 2290 seeretissimis
784 2255 871 2290 alias
908 2255 1179 2301 declaratorias,
1217 2258 1252 2291 ἃ
1285 2252 1546 2292 absentissimis
1579 2255 1665 2293 alias

65 2305 397 2358 superinduetorias
409 2305 616 2357 assignabit.
673 2310 719 2345 Et
740 2309 877 2345 deinde
898 2309 1052 2345 tandem
1067 2308 1182 2346 veluti
1209 2310 1322 2346 altera
1347 2319 1479 2346 natura
1499 2311 1663 2361 plerum—

64 2363 223 2409 quitates
237 2364 387 2410 condet,
402 2376 559 2414 quarum
574 2375 717 2401 errores
732 2376 803 2412 pro
820 2364 994 2400 monstris
1009 2361 1090 2410 sint,
1112 2363 1206 2400 salva
1221 2365 1334 2401 etiam
1350 2374 1477 2401 tamen
1493 2363 1557 2401 fibi
1578 2366 1665 2402 artis

63 2415 326 2466 praerogativa.

653 2500 726 2540 ‘De
744 2500 909 2555 provisa
935 2513 1071 2539 rerum.

116 2597 179 2634 XI.
208 2598 281 2634 TU
301 2606 427 2634 autem
444 2595 502 2645 spe
532 2598 569 2633 &
595 2596 715 2634 studio
731 2595 913 2646 languidis
932 2595 1022 2633 haec
1035 2594 1169 2641 hauris,
1194 2594 1259 2643 fili,
1286 2595 1500 2645 mirarisque
1520 2593 1547 2632 fi
1562 2605 1663 2633 tanta

63 2650 214 2701 superfit
233 2664 392 2702 operum
407 2649 783 2689 fructuofiffimorum
799 2654 835 2688 ὃς
849 2651 998 2701 prorsus
1018 2649 1304 2701 incognitorum
1325 2652 1481 2698 ubertas,
1515 2663 1556 2687 ea
1581 2663 1661 2688 non

64 2707 230 2754 antehac,
251 2718 313 2744 aut
333 2709 406 2752 jam
424 2704 545 2743 subito
567 2705 636 2744 esse
656 2702 819 2754 inventa,
844 2705 953 2743 simul
980 2707 1106 2753 etiam,
1130 2705 1339 2752 cujusmodi
1365 2719 1406 2744 ea
1434 2705 1516 2754 fint,
1540 2706 1662 2742 nomi—

64 2763 184 2798 natim
203 2761 367 2814 requiris,
391 2760 519 2808 visque
538 2760 606 2798 tibi
624 2772 686 2798 aut
718 2762 1045 2798 immortalitatem
1074 2771 1136 2799 aut
1159 2761 1412 2799 indolentiam
1438 2772 1503 2798 aut
1533 2762 1661 2808 volup*

65 2826 182 2853 tatem
197 2817 513 2866 transportantem
534 2814 716 2865 promitti.
773 2817 919 2855 Verum
935 2826 977 2853 tu
991 2814 1057 2853 tibi
1077 2817 1220 2865 largire,
1240 2816 1307 2863 fili,
1336 2816 1512 2866 spemque
1534 2828 1577 2852 ex
1597 2815 1660 2851 sei-

65 2873 166 2907 entia
183 2872 422 2921 aucupabere‚
446 2882 486 2908 ut
507 2884 550 2908 ex
581 2871 792 2920 ignorantia
812 2870 1111 2919 desperationem
1129 2870 1289 2920 coepisti.
1344 2873 1411 2909 An
1440 2870 1551 2908 etiam
1583 2880 1660 2906 arte

64 2926 319 2974 adoptandum
339 2925 388 2963 est
401 2929 516 2978 opus?
548 2925 602 2963 At
619 2924 844 2962 dubitationi
860 2937 954 2971 tuae,
973 2926 1095 2973 quoad
1115 2927 1215 2973 lieet,
1234 2926 1464 2972 satisfaciam,
1494 2936 1658 2961 morem-

65 2992 140 3027 que
152 2981 222 3016 tibi
236 2992 375 3030 geram.
430 2981 547 3034 Quod
565 2981 654 3017 haec
682 2979 804 3017 subito
829 2990 921 3017 nota
943 2979 1024 3027 sint,
1049 2979 1104 3017 nil
1131 2983 1284 3028 mirum,
1308 2982 1372 3019 fili.
1431 2978 1588 3018 Scientia
1603 2990 1658 3014 ee-

64 3036 162 3080 ieris,
176 3044 322 3084 tempus
337 3036 432 3073 tardi
447 3048 571 3086 partus
584 3035 644 3072 est.
699 3036 824 3072 Etiam
840 3033 995 3082 nobilia,
1026 3048 1120 3086 quae
1149 3047 1236 3074 ante
1264 3037 1354 3074 haec
1380 3038 1531 3072 inventa
1560 3033 1658 3078 sunt,

67 3101 147 3125 non
163 3090 244 3126 luce
259 3089 389 3141 prioris
404 3089 634 3140 cognitionis
662 3088 807 3137 sensIm,
837 3089 897 3127 scd
922 3090 1004 3128 casu
1027 3091 1085 3140 (ut
1103 3090 1327 3142 loquuntur)
1349 3089 1491 3127 affatim
1506 3089 1657 3124 inventa

64 3143 160 3181 sunt.
213 3145 258 3180 vIn
275 3145 499 3183 mechanicis
514 3157 639 3184 autem
660 3145 708 3182 est
723 3143 905 3194 quaedam
922 3147 973 3183 rei
994 3146 1070 3193 jam
1086 3144 1256 3185 inventae
1272 3142 1446 3191 extensio,
1464 3143 1522 3181 scd
1536 3154 1658 3202 novae.

118 3200 150 3234 V
165 3210 238 3236 οι.
272 3200 311 3235 ll.
833 3200 903 3238 Kk
1535 3208 1660 3233 inven-

1759 239 1852 287 2¹37
