1973 3570
339 218 440 281 DE
501 216 927 282 sEcTroNE
998 223 1499 286 CORPORUM.

107 336 188 382 bus,
217 337 389 387 propriae
414 336 516 373 vocis
532 336 786 374 tintinnabula
813 346 893 374 tam
910 346 1079 374 accurate
1104 338 1320 387 explorass'e,
1353 339 1399 376 ad
1425 350 1578 378 natutae
1598 355 1724 384 autem

107 403 242 429 vocem
262 402 341 428 tam
361 392 559 428 illiteratos
578 391 660 436 ess'e,
691 394 728 429 ὅ(
749 403 858 429 more
882 390 990 440 prisci
1007 389 1140 429 saeculi
1168 393 1384 441 (antequam
1400 393 1528 432 literae
1549 398 1721 438 inventae

105 446 233 493 essent)
250 446 362 483 sonos
378 456 527 484 tantum
543 446 785 498 compositos,
808 448 845 484 ὅ(
860 453 971 483 voces
983 446 1225 496 dignoscere3
1245 449 1433 486 clementa
1449 450 1623 489 &literas
1639 466 1737 494 non*

104 499 341 550 distinguere.

126 628 128 630 .
186 607 221 646 5.
253 592 327 633 ‘De
341 603 486 648 quanto
501 595 690 634 materiae
705 601 820 643 certo,
852 592 899 638 ὅγ’
915 592 1020 648 quod
1028 589 1196 634 mutatio
1205 594 1289 647 fiat
1303 594 1443 651 absque
1457 598 1636 639 interitu.

153 668 270 705 ΟΜΝ
287 679 335 704 [Α
357 669 507 711 mutari,
538 669 575 704 ὅ(
594 668 650 704 nil
669 679 755 704 vere
777 668 944 714 interire,
982 679 1024 704 ac
1047 666 1234 705 summam
1261 669 1438 706 materiae
1458 670 1608 721 prorsus
1635 685 1718 710 ean-

102 723 191 759 dem
207 735 371 769 manere,
402 721 482 759 latis
497 721 649 759 constat.
705 722 837 772 Atque
852 733 894 761 ut
910 723 1193 772 omnipotentia
1208 723 1282 761 Dei
1297 735 1392 773 opus
1407 735 1495 772 crat,
1517 737 1558 763 ut
1573 728 1716 775 aliquid

101 789 288 815 crearetur
311 789 331 814 e
356 777 492 824 nihilo,
524 779 575 814 ita
597 779 633 815 ὅ(
648 773 774 815 fimilis
794 779 1079 827 omnipotentia
1099 775 1312 826 requiritur,
1343 790 1384 817 ut
1406 781 1548 829 aliquid
1573 783 1715 832 rediga-

99 842 162 870 tur
187 834 227 870 in
250 831 425 869 nihilum.
481 832 524 869 ld
550 829 622 871 five
644 845 710 882 per
734 833 1017 871 destitutionem
1041 833 1190 872 virtutis
1212 833 1506 883 conservatricis,
1547 835 1618 874 five
1646 850 1713 887 per

99 888 224 925 aetum
244 887 496 925 dissolutionis
513 887 588 933 fiat,
627 887 726 926 nihil
747 889 791 925 ad
807 900 909 926 rem:
947 899 1098 926 tantum
1121 889 1263 927 nccess'e
1283 890 1344 937 cst,
1384 900 1424 928 ut
1445 892 1639 930 decretum
1660 895 1714 931 in-

99 942 264 980 tercedat
281 943 489 981 Creatoris.
546 944 632 980 Hoc
651 941 774 992 polito
797 956 846 981 ne
865 943 1050 993 cogitatio
1069 943 1306 991 abstrahatur,
1336 955 1398 983 aut
1413 949 1570 984 materia
1591 949 1714 997 aliqua

96 997 226 1045 fictitia
250 1000 494 1048 intelligatur,
523 997 636 1036 etiam
660 997 755 1036 illud
780 995 1049 1048 significamus3
1078 1011 1161 1035 eam
1181 1011 1200 1036 a
1217 1000 1329 1037 nobis
1348 996 1540 1039 introduci
1563 1005 1712 1041 materi-

96 1064 172 1100 am,
201 1063 313 1103 atque
337 1066 378 1090 ea
393 1063 525 1091 natura
549 1053 770 1102 investitam,
799 1064 841 1092 ut
864 1065 950 1093 vere
970 1054 1044 1091 dici
1069 1051 1182 1103 possit
1198 1055 1286 1092 huie
1309 1058 1463 1105 corpori
1490 1058 1573 1107 plus
1596 1070 1712 1096 mate-

95 1106 170 1146 riae
189 1108 318 1155 adesse,
356 1110 412 1145 illi
434 1119 561 1146 autem
590 1108 693 1155 (licet
713 1108 872 1146 eandem
895 1108 1112 1146 mensuram
1136 1110 1320 1158 expleant)
1346 1113 1484 1148 minus.
1539 1114 1712 1163 Exempli

93 1164 223 1213 gratia,
253 1164 413 1213 plumbo
431 1165 525 1213 pluS,
554 1175 669 1212 aquae
690 1162 827 1210 minus,
855 1165 931 1207 aeti
950 1164 1077 1201 multo
1093 1165 1241 1205 minus;
1270 1177 1395 1213 neque
1414 1166 1490 1203 hoc
1510 1166 1633 1206 solum
1653 1168 1708 1206 in-

93 1217 248 1256 definite
263 1221 301 1256 ὃς
314 1220 463 1256 ratione
477 1220 620 1256 ineerta
635 1221 672 1256 ὃ(
686 1216 806 1266 surda,
823 1218 884 1256 sed
903 1217 1089 1268 praecise3
1117 1219 1214 1256 adeo
1229 1228 1270 1257 ut
1285 1221 1451 1258 calculos
1469 1220 1560 1259 haec
1577 1235 1634 1259 res
1647 1236 1708 1274 pa-

92 1274 123 1311 ti
137 1269 264 1324 posfit,
293 1274 410 1312 veluti
425 1274 508 1325 plus
524 1274 655 1325 duplo,
683 1273 798 1323 triplo
813 1276 851 1312 &
864 1272 1046 1311 similiter.
1102 1274 1231 1322 ltaque
1247 1272 1272 1310 fi
1288 1276 1370 1323 quis
1385 1276 1497 1323 dicat,
1527 1279 1652 1314 aerem
1667 1290 1710 1315 ex

90 1340 187 1378 aqua
209 1327 291 1366 fieri
314 1328 427 1378 posse,
466 1339 528 1366 aut
551 1327 675 1366 rursus
697 1340 833 1378 aquam
855 1341 900 1366 ex
924 1331 1021 1376 aere,
1056 1329 1232 1370 audiam3
1263 1327 1290 1366 fi
1313 1342 1404 1368 vero
1426 1331 1526 1369 dicat
1547 1330 1708 1370 similem

90 1383 307 1422 mensuram
330 1395 446 1433 aquae
462 1384 502 1421 in
527 1381 687 1421 ssmilem
703 1384 917 1422 mensuram
939 1386 1032 1421 a'eris
1047 1385 1141 1422 verti
1162 1384 1275 1434 posse,
1303 1397 1387 1422 non
1401 1386 1575 1428 audiam;
1606 1388 1708 1426 idem

90 1440 198 1476 enim
222 1439 283 1486 est,
322 1451 365 1476 ac
387 1435 413 1476 fi
441 1438 596 1486 dixisset,
631 1438 772 1488 aliquid
797 1439 897 1489 poffe
921 1440 1040 1490 redigi
1065 1440 1106 1476 in
1134 1439 1314 1477 nihilum.
1369 1439 1550 1479 Similiter
1569 1454 1590 1479 e
1619 1455 1709 1481 con-

89 1493 208 1542 verso,
236 1492 262 1531 st
287 1494 386 1532 dicat
408 1494 534 1532 datam
553 1493 769 1532 mensuram
794 1496 887 1532 ae‘ris
908 1494 1083 1544 (exempli
1109 1497 1227 1544 gratia
1250 1493 1407 1534 vesicam
1426 1499 1601 1534 contenti
1628 1510 1705 1536 cer·

85 1550 119 1586 'ti
139 1551 231 1587 aeris
245 1550 409 1599 plenam)
436 1551 478 1587 in
492 1547 650 1586 similem
673 1549 888 1588 mensuram
909 1561 1024 1598 aquae
1047 1551 1142 1588 verti
1163 1548 1276 1600 poffe,
1305 1550 1411 1588 idem
1433 1550 1483 1589 est
1496 1564 1539 1589 ac
1553 1549 1579 1589 fi
1593 1552 1706 1602 dicar,

87 1604 232 1654 aliquid
254 1604 333 1642 fieri
359 1604 461 1654 posse
484 1616 527 1642 ex
549 1603 685 1642 nihilo.
740 1606 795 1642 Ex
818 1605 874 1642 his
898 1606 1024 1653 itaque
1044 1604 1182 1656 politis,
1210 1607 1281 1642 tria
1300 1616 1496 1658 praecepta
1520 1605 1592 1646 five
1616 1620 1706 1646 con-

87 1657 165 1697 filia
188 1660 233 1697 ad
254 1659 362 1698 usum
386 1661 554 1698 derivare
573 1660 649 1706 jam
673 1659 794 1699 visum
815 1660 875 1707 est,
912 1659 953 1699 u't
977 1661 1154 1698 homines
1178 1661 1346 1711 peritius,
1375 1663 1412 1699 &
1434 1672 1591 1714 propter
1610 1664 1705 1715 peri-

85 1716 179 1752 tiam
196 1715 352 1762 felicius,
382 1727 470 1754 cum
484 1725 616 1753 natura
636 1714 891 1765 negotientur.
948 1716 1121 1753 Primum
1141 1715 1358 1761 huiusmodi
1374 1716 1434 1764 est,
1464 1728 1505 1755 ut
1526 1717 1705 1757 homines

85 1769 304 1818 frequenter
323 1780 494 1809 naturam
519 1771 567 1807 de
590 1771 801 1808 rationibus
818 1770 889 1809 suis
915 1770 1116 1808 reddendis
1136 1772 1405 1820 interpellent3
1435 1771 1510 1810 hoc
1524 1771 1584 1819 est,
1614 1785 1704 1811 cum

84 1836 221 1874 corpus
242 1827 410 1875 aliquod,
448 1826 551 1875 quod
576 1827 677 1875 prius
701 1825 821 1863 sensui
845 1826 1083 1864 manifestum
1106 1836 1196 1874 erat,
1233 1826 1411 1876 aufugisse
1434 1830 1471 1865 ὅ(
1494 1826 1704 1877 disparuiss'e

86 1879 250 1928 videant,
281 1891 321 1918 ut
347 1893 429 1918 non
454 1883 555 1930 prius
580 1882 744 1918 rationes
767 1881 982 1928 admittant,
1019 1891 1082 1918 aut
1108 1881 1309 1930 liquidem,
1340 1892 1453 1931 quarn
1475 1883 1701 1920 demonstra-

84 1945 169 1972 tum
193 1938 246 1972 eis
269 1936 395 1983 fuerit,
433 1949 512 1986 quo
537 1937 692 1973 tandem
716 1948 851 1988 corpus
877 1937 971 1974 illud
997 1937 1228 1986 migraverit,
1258 1939 1296 1974 δε
1319 1937 1365 1975 ad
1389 1949 1484 1985 quae
1505 1949 1700 1988 receptum

83 1987 138 2027 sit.
196 1992 293 2037 Hoc,
323 2002 365 2028 ut
389 2004 491 2028 nune
506 1991 591 2029 sunt
614 2004 682 2039 res,
712 1987 1033 2041 negligentissime
1048 1991 1102 2038 fit,
1132 1994 1169 2029 ὅ(
1184 1992 1461 2042 contemplatio
1475 1994 1700 2043 plerumque

81 2051 174 2083 'cum
194 2046 340 2097 aspectu
363 2045 519 2087 delinit3
557 2047 652 2084 adeo
678 2057 718 2084 ut
742 2047 929 2094 flammae,
959 2046 1011 2084 rei
1034 2043 1318 2096 vulgatiffimae,
1356 2060 1550 2097 receptum
1576 2049 1699 2087 homi-

83 2112 148 2138 nes
168 2113 250 2138 non
270 2103 414 2148 norint,
445 2102 757 2150 quandoquidem
782 2112 865 2140 eam
888 2104 928 2139 in
951 2114 1086 2151 corpus
1111 2103 1202 2140 ae'ris
1225 2101 1362 2141 mutari
1384 2099 1618 2141 falsiffimum
1639 2101 1694 2141 fit.

83 2156 300 2194 Secundum
330 2156 557 2203 hujusmodi,
600 2167 642 2194 ut
670 2169 758 2194 cum
787 2157 964 2195 homines
992 2155 1230 2195 confiderent
1259 2153 1515 2196 neceffitatem
1543 2169 1698 2196 naturae

81 2211 232 2260 prorsus
254 2212 547 2257 adamantinam,
579 2224 672 2260 quae
703 2214 881 2251 materiae
906 2211 1010 2260 inest,
1039 2222 1081 2251 ut
1106 2212 1143 2250 se
1157 2212 1344 2260 sustentet,
1373 2225 1445 2250 nce
1466 2214 1508 2250 in
1532 2213 1697 2250 nihilum

82 2267 202 2313 cedat,
232 2277 294 2305 aut
317 2267 501 2309 solvatur3
532 2268 588 2304 illi
610 2268 732 2305 rursus
752 2269 902 2305 nullum
925 2280 1044 2317 genus
1066 2269 1277 2307 vexationis
1293 2270 1330 2305 &
1351 2269 1567 2316 agitationis
1582 2278 1696 2305 mate-

83 2321 159 2359 riae
182 2324 494 2370 praetermittant,
525 2321 550 2359 fi
575 2321 723 2360 ultimas
745 2323 823 2367 ejus
846 2324 1085 2371 operationes
1100 2324 1138 2359 ὃ(
1159 2320 1429 2359 obstinationes
1451 2322 1626 2372 detegere
1645 2333 1695 2360 at-

84 2388 158 2424 que
179 2377 336 2415 educere
356 2380 484 2416 velint.
541 2378 671 2426 Atque
695 2378 769 2414 hoc
784 2375 982 2414 confilium
1002 2389 1084 2413 non
1100 2376 1309 2414 admodum
1329 2375 1571 2415 artificiosum
1591 2389 1694 2415 certe

81 2428 200 2469 'videti
223 2429 359 2484 poss'lt3
388 2434 470 2482 quis
490 2436 624 2483 negat?
655 2433 726 2470 Sed
753 2433 845 2469 utile
860 2442 988 2469 tamen
1009 2431 1189 2480 quiddam
1209 2431 1369 2478 videtur,
1398 2443 1522 2481 neque
1536 2432 1633 2469 nihil
1653 2435 1696 2471 in

78 2493 132 2524 ‘eo
157 2487 216 2524 est.
273 2489 536 2525 Veruntamen
561 2486 586 2525 fi
601 2489 720 2537 placet
748 2488 863 2524 etiam
884 2499 987 2524 nunc
1009 2498 1142 2536 parum
1157 2485 1432 2524 observationis
1454 2487 1541 2525 huic
1562 2489 1616 2525 rei
1634 2489 1695 2525 ad-

83 2540 309 2593 spergamus.
378 2545 506 2591 ltaque
535 2541 583 2581 sie
610 2543 760 2581 habeto.
831 2542 1043 2580 Maximum
1076 2551 1177 2580 certe
1206 2540 1370 2589 homini,
1406 2540 1482 2580 five
1509 2545 1696 2594 operanti,

83 2594 155 2635 five
175 2597 391 2647 experienti,
422 2598 743 2650 impedimentum
767 2599 944 2644 occurrit,
974 2597 1078 2646 quod
1098 2598 1276 2634 materiae
1293 2596 1447 2635 massam
1462 2608 1602 2635 certam
1623 2599 1698 2636 abs-

82 2664 158 2701 que
183 2652 438 2690 diminutione
462 2663 525 2690 aut
551 2650 772 2700 aecessione,
801 2652 943 2690 servare
970 2655 1008 2690 &
1031 2664 1214 2702 premere,
1244 2655 1283 2690 ὅ(
1305 2651 1475 2702 subigere
1497 2653 1556 2691 'vix
1580 2654 1691 2696 licet3

82 2707 145 2746 led
174 2707 406 2758 separatione
434 2708 539 2755 fasta,
576 2709 711 2746 ultima
737 2710 791 2747 vis
816 2708 991 2746 eluditur.
1050 2708 1242 2757 Separatio
1267 2717 1394 2746 autem
1418 2708 1555 2758 duplex
1580 2710 1693 2745 inter-

80 2760 198 2810 venit,
229 2773 292 2801 aut
313 2764 415 2812 quod
442 2776 524 2816 pars
538 2765 716 2801 materiae
740 2765 877 2810 evolet,
906 2773 947 2800 ut
967 2764 1009 2800 in
1023 2763 1269 2804 decofflone3
1298 2772 1361 2800 aut
1377 2761 1508 2801 saltem
1524 2763 1627 2812 quod
1645 2762 1694 2799 le-

82 2815 199 2855 'ceffio
213 2819 267 2865 fit,
298 2830 338 2856 ut
354 2820 395 2856 in
416 2817 510 2856 flore
524 2819 638 2856 lactis.
693 2820 863 2856 Intentio
883 2820 1008 2866 itaque
1022 2816 1244 2871 mutationis
1258 2829 1470 2870 corporum
1485 2817 1695 2870 profundae

82 2874 122 2910 ὅ(
145 2875 302 2911 intimae
319 2886 400 2912 non
425 2876 497 2912 alia
519 2872 580 2921 est,
610 2885 723 2922 quam
737 2872 764 2911 fi
779 2875 934 2911 materia
957 2875 1123 2911 omnino
1137 2871 1270 2911 debitis
1290 2872 1416 2911 modis
1430 2883 1603 2912 vexetur3
1631 2871 1693 2908 led

79 2929 210 2965 ‘tamen
231 2929 315 2966 istae
340 2929 435 2967 duae
456 2929 705 2981 separationes
732 2927 983 2966 nihilominus
1009 2929 1165 2965 interim
1190 2929 1473 2980 prohibeantur.
1529 2929 1634 2963 Tum
1657 2938 1692 2963 e-

82 2983 165 3019 nim
192 2985 347 3021 materia
361 2996 447 3022 vere
472 2983 751 3033 constringitur,
781 2984 846 3021 ubi
868 2983 977 3033 fugae
992 2984 1119 3020 omnis
1140 2984 1197 3021 via
1213 2983 1460 3035 intercipitur.
1516 2982 1692 3018 Tertium

82 3037 246 3085 denique
269 3038 498 3087 hujusmodi,
529 3049 570 3078 ut
594 3039 783 3085 homines,
811 3050 901 3076 cum
923 3050 1131 3088 corporum
1147 3040 1386 3077 alterationes
1406 3040 1446 3074 in
1470 3037 1600 3073 eadem
1616 3047 1692 3073 ma-

81 3093 196 3130 teriae
218 3092 339 3140 mass'a,
368 3107 492 3143 neque
506 3095 622 3141 aneia,
652 3106 776 3142 neque
791 3093 993 3141 diminuta,
1021 3093 1101 3131 fieti
1121 3094 1284 3141 videant,
1312 3095 1478 3145 primum
1496 3103 1544 3129 eo
1564 3103 1689 3129 errore

82 3144 310 3198 phantasiam
329 3149 504 3198 liberent,
532 3151 597 3199 qui
616 3150 691 3188 alte
714 3149 862 3190 haeret;
891 3150 1156 3188 alterationem
1176 3161 1314 3201 nempe
1335 3147 1607 3186 tantummodo
1626 3157 1690 3194 per

139 3203 247 3241 vor.
280 3203 323 3240 11⁴.
839 3204 865 3241 F
881 3203 902 3242 f
919 3214 938 3241 2
1031 3203 1037 3207 ’
1599 3200 1692 3249 sepa-

1767 248 1861 312 227'
