1973 3570
133 212 239 263 2142
332 188 846 262 INQUISITIO
897 192 1004 241 DE
1053 191 1266 239 LUCE
1308 191 1409 239 ET
1453 192 1805 240 LUMINE,

273 295 448 334 feruntur
462 313 477 338 ,-
507 294 569 333 sed
590 296 650 332 lux
665 295 863 343 pernicius,
892 303 933 331 ut
955 294 994 330 in
1011 293 1212 330 tormentis
1226 293 1407 337 videmus,
1437 293 1501 329 ubi
1516 293 1577 329 lux
1593 292 1699 330 citius
1713 297 1880 332 cernitur·

274 363 389 400 quarn
417 350 565 388 auditur
600 349 711 386 sonus
725 367 738 391 ,-
778 361 865 385 cum
893 359 1021 385 tamen
1048 347 1198 384 flamma
1226 359 1325 399 pone
1363 346 1544 395 sequatur.
1600 349 1678 385 Lux
1703 352 1738 385 δε
1769 349 1879 387 sonus

276 402 525 444 subtilissimas
538 401 789 441 distinctiones
804 405 994 453 patiuntur
1010 417 1020 444 3
1051 413 1091 439 ut
1106 404 1147 439 in
1161 404 1281 440 verbis
1296 401 1495 452 articulatis
1511 401 1614 443 soni3
1643 405 1682 439 in
1700 405 1881 442 omnibus

278 458 480 499 visibilium
499 459 725 508 imaginibus
741 459 812 495 lux.
870 459 950 495 Lux
966 460 1003 495 ὃς
1018 457 1142 503 sonus,
1172 457 1266 494 nihil
1281 457 1360 494 fere
1374 456 1590 506 producunt
1607 467 1669 494 aut
1684 470 1881 507 generant,

278 526 539 568 praeterquam
568 516 607 550 in
635 512 793 551 senfibus
817 513 854 549 ὃς
880 512 1064 562 spiritibus
1093 513 1324 556 animalium.
1377 513 1457 548 Lux
1492 514 1528 549 &
1557 511 1668 549 sonus
1690 513 1798 550 facile
1820 526 1881 563 gc-

279 581 460 608 nerantur
486 572 522 607 &
545 570 648 606 brevi
669 567 915 606 evanescunt:
945 569 1048 605 Nam
1069 579 1149 603 non
1169 567 1216 603 est
1237 567 1339 614 quod
1356 568 1438 614 quis
1457 576 1575 619 putet,
1605 566 1740 604 sonum
1756 570 1881 615 illuni,

279 627 346 674 qui
371 625 415 662 ad
430 636 578 674 tempus
604 624 757 672 aliquod
786 635 804 659 a
826 634 1003 675 campana
1030 632 1092 659 aut
1115 621 1254 659 chorda
1278 621 1437 671 perculsa
1465 622 1585 664 durat,
1615 633 1635 658 a
1664 622 1781 670 prima
1804 635 1883 674 pet-

280 676 450 718 cuss'lone
473 679 578 716 fieri:
618 680 721 716 Nam
746 676 771 714 fi
795 690 972 726 campana
998 679 1056 715 vel
1087 677 1227 714 chorda
1250 687 1423 726 tangatur
1452 679 1488 713 ὅ(
1511 674 1658 723 matur,
1688 676 1799 715 sonus
1821 677 1882 715 sta-

279 736 353 772 tim
367 736 462 787 perit
478 748 488 775 ;
516 734 615 770 unde
631 732 864 769 manifestum
880 732 940 778 est,
955 744 1020 783 per
1037 728 1305 768 succcffioncm
1316 733 1443 769 creari.
1499 732 1578 769 Lux
1594 743 1612 768 ει
1628 733 1772 778 majore
1787 732 1886 780 luce,-

282 788 374 827 ficut
390 789 501 826 sonus
520 801 540 824 a
561 789 704 831 majore
729 786 836 833 sono,
866 787 1065 826 obruitur;
1095 788 1131 823 ὅ(
1146 796 1299 823 caetera.

339 846 639 881 DIFFERUNT
664 851 802 887 autem,
832 841 936 888 quod
947 841 1020 886 lux,
1039 840 1093 886 (ut
1105 840 1293 888 diximus,)
1323 839 1419 877 sono
1435 842 1601 878 velocior
1616 839 1667 878 sit.
1721 840 1887 880 Luxma-

285 900 367 944 jora
383 898 494 948 spatia
507 897 637 942 vinci-t,
652 907 765 944 quam
776 895 899 932 sonus.
954 895 1047 942 Lux,
1063 904 1192 931 utrum
1211 897 1249 931 in
1266 907 1424 944 corpore
1439 897 1529 932 aeris
1544 895 1741 941 deferatur,
1758 909 1887 945 quem-

285 952 495 990 admodum
506 950 630 997 sonus,
644 952 833 987 incertum
849 947 903 987 sit.
958 950 1050 997 Lux,
1072 951 1111 986 in
1128 950 1224 986 linea
1240 950 1337 986 recta
1351 960 1510 996 tantum,
1529 950 1638 986 sonus
1654 952 1694 987 in
1710 953 1807 988 linea
1822 954 1887 989 ob-

285 1009 399 1056 liqua,
415 1008 451 1043 &
467 1006 707 1055 undiquaque
721 1005 879 1043 feratur:
910 1006 1054 1042 etenim
1073 1015 1160 1042 cum
1175 1005 1266 1053 quid
1285 1006 1325 1041 in
1341 1005 1472 1042 umbra
1490 1005 1697 1042 umbraculi
1712 1008 1888 1054 cernitur,

285 1074 369 1099 non
393 1061 452 1107 est,
482 1061 586 1109 quod
609 1062 691 1109 quis
719 1069 836 1109 putet,
865 1059 970 1108 quod
992 1061 1054 1097 lux
1080 1058 1157 1109 ipsa
1178 1070 1349 1112 penetret
1373 1060 1645 1105 umbmculum,
1676 1060 1735 1097 sed
1765 1063 1888 1098 a'e'rcm

287 1127 437 1154 tantum
452 1115 718 1153 circumfusum
730 1116 940 1156 illuminat3
968 1117 1033 1164 qui
1048 1114 1159 1152 etiam
1175 1117 1296 1152 aerem
1312 1127 1412 1165 pone
1422 1115 1681 1152 umbraculum
1697 1117 1890 1154 vicinitate

289 1170 470 1209 nonnihil
491 1171 669 1208 illustrat:
699 1180 735 1208 at
757 1169 880 1216 sonus,
908 1170 954 1206 ab
977 1182 1056 1207 uno
1082 1171 1196 1206 latere
1219 1171 1368 1219 patieris
1395 1170 1569 1216 redditus,
1598 1183 1639 1207 cx
1660 1172 1772 1207 altera
1787 1183 1891 1220 parte

286 1225 435 1278 parietis
447 1225 603 1271 auditur,
632 1237 713 1262 non
730 1225 894 1262 multum
910 1225 1133 1262 debilitatus.
1189 1225 1313 1262 Etiam
1331 1224 1439 1262 sonus
1461 1225 1556 1262 intra
1572 1225 1669 1277 septa
1685 1237 1891 1276 corporum

294 1281 504 1319 solidorum
514 1281 788 1327 audiatur,licet
799 1281 932 1317 exilior
945 1280 1059 1317 fastus
1074 1296 1088 1322 ,ς
1118 1290 1160 1317 ut
1175 1279 1215 1317 fit
1230 1281 1269 1316 in
1285 1279 1385 1317 sonis
1400 1280 1495 1316 infra
1506 1280 1642 1329 lapides
1653 1280 1893 1322 haematitem

293 1337 414 1373 autin
435 1335 655 1385 corporibus
670 1331 856 1385 pcrcuffis,
886 1334 983 1371 infra
999 1346 1153 1383 aquam3
1181 1345 1218 1372 at
1232 1336 1306 1381 lux,
1333 1334 1371 1371 in
1392 1346 1552 1386 corpore
1567 1334 1766 1384 diaphano,
1788 1335 1892 1374 undi-

292 1404 369 1440 que
388 1391 588 1434 obstructo,
617 1391 782 1428 omnino
801 1402 883 1427 non
903 1391 1080 1427 cernitur.
1136 1391 1305 1435 Ultimo,
1333 1389 1437 1437 quod
1459 1390 1585 1426 omnis
1609 1389 1719 1427 sonus
1741 1402 1892 1439 genere-

291 1455 354 1484 tur
371 1447 409 1484 in
426 1456 548 1491 motu,
564 1448 601 1483 ὅ(
620 1443 770 1482 elisione
785 1456 990 1495 corporum
1004 1444 1193 1481 manifesta
1209 1458 1220 1484 3
1249 1445 1309 1480 lux
1330 1456 1410 1480 non
1433 1445 1537 1481 item.

347 1501 419 1537 Ar
444 1499 661 1537 hostilitates
690 1500 794 1545 lucis,
824 1497 889 1535 nisi
917 1499 1000 1547 quis
1022 1500 1248 1547 privationes
1271 1511 1341 1548 pro
1365 1497 1624 1536 hostilitatibus
1640 1499 1775 1536 habere
1789 1501 1893 1547 velit,

295 1568 377 1593 non
398 1564 600 1593 occurrunt
614 1568 624 1595 3
655 1566 798 1599 verum,
814 1554 917 1602 quod
932 1555 1094 1591 maxime
1109 1554 1288 1591 credibile
1301 1551 1362 1600 est,
1389 1564 1525 1604 torpor
1538 1566 1743 1603 corporum
1758 1556 1799 1592 in
1814 1567 1894 1606 par-2

294 1611 394 1647 tibus
418 1609 501 1656 suis,
531 1607 691 1646 maxime
712 1609 760 1646 est
785 1610 860 1646 luci
879 1608 1065 1646 inimicus.
1122 1611 1226 1647 Nam
1241 1609 1318 1646 fere
1335 1610 1428 1646 nihil
1447 1611 1557 1655 lucet,
1586 1609 1689 1657 quod
1706 1621 1802 1656 non,
1830 1620 1894 1648 aut

296 1666 446 1716 propria
474 1674 604 1702 natura
633 1661 821 1713 insigniter
839 1664 985 1701 mobile
1013 1662 1086 1705 est5
1115 1674 1176 1702 aut
1201 1665 1413 1711 cxcitatum,
1443 1666 1500 1703 vel
1521 1665 1655 1711 calore,
1685 1665 1744 1702 vel
1769 1675 1895 1712 motu,

296 1721 353 1757 vel
371 1718 498 1770 spiritu
513 1720 627 1756 vitali.
684 1718 784 1755 Alia.

349 1777 401 1812 IN
412 1786 531 1811 TELL
542 1786 622 1811 100
637 1784 761 1810 autem
777 1772 931 1823 semper,
947 1773 1048 1822 quod
1065 1786 1144 1810 non
1156 1784 1302 1811 tantum
1318 1775 1408 1810 aliae
1424 1773 1613 1811 instantiae
1625 1772 1895 1822 investigandae

297 1827 366 1866 sint
393 1828 484 1875 (istas
512 1830 614 1866 enim
637 1840 767 1880 paucas
789 1830 948 1880 exempli
973 1830 1060 1866 loco
1075 1828 1319 1865 solummodo
1333 1829 1553 1867 adduximus
1570 1829 1596 1881 3)
1628 1828 1688 1867 scd
1710 1830 1823 1866 etiam
1851 1840 1894 1866 ut

299 1886 389 1922 novi
404 1886 520 1933 topici
539 1884 696 1929 articuli,
726 1894 837 1933 prout
853 1895 978 1921 rerum
995 1894 1123 1921 natura
1140 1883 1224 1931 fert,
1253 1882 1483 1931 adjiciantur.

1481 2853 1900 2895 FRANCJSCI
