1973 3570
265 209 939 259 DESAPIENTIA
991 179 1450 262 VETERUM

60 310 229 353 submissa
248 311 500 361 distinguenda
527 310 611 349 sunt
627 310 790 348 humana
809 308 1010 352 &divina;
1039 319 1151 359 atque
1177 311 1467 350 oraculasensus
1488 314 1524 351 ὅ(
1552 314 1661 357 fidei}

61 365 130 406 nifi
145 367 243 404 forte
266 368 303 403 &
325 364 458 416 religio
484 366 679 412 haeretica,
714 367 752 403 ὅ(
773 364 1011 417 philosophia
1033 365 1293 403 commentitia
1319 366 1535 405 hominibus
1556 372 1661 408 cordi

61 420 116 460 fit'.
147 444 150 456 ι
170 418 294 460 Restat
308 422 488 458 ultimum
508 417 601 459 illud
617 420 664 458 de
679 421 775 458 ludis
791 417 1019 458 Promethei
1045 433 1134 458 cum
1163 422 1277 458 taedis
1300 422 1521 459 ardentibus.
1579 426 1664 463 Hoc

62 475 185 516 rursus
196 473 243 514 ad
257 485 350 513 artes
366 475 528 513 scientias
543 475 715 525 pertinet,
743 473 832 512 ficut
846 474 941 524 ignis
963 477 1039 522 ille,
1066 476 1112 512 ad
1139 477 1244 519 cujus
1272 479 1496 514 memoriam
1512 480 1548 514 ὅ(
1572 480 1665 516 cele-

64 530 275 570 brationem
288 523 598 573 huiusmodiludi
625 527 781 568 instituti
807 529 917 572 sunt‚·
946 541 1056 582 atque
1076 530 1247 569 continet
1264 532 1303 567 in
1327 530 1362 567 se
1377 534 1582 574 monitum,
1612 533 1663 570 id-

62 582 473 639 queprudentisfimutn
493 594 534 623 ut
548 584 726 636 perfectio
746 583 981 622 scientiarum
1008 597 1029 621 a
1055 582 1294 631 successionc,
1322 597 1404 623 non
1429 588 1474 623 ab
1500 589 1608 625 unius
1627 601 1660 625 a·

64 637 197 687 licu'jus
218 639 431 692 pernicitate
451 649 514 678 aut
537 640 710 677 facultate
725 640 945 689 expectetur.
1001 641 1153 678 Etenim
1170 643 1236 692 qui
1257 641 1302 677 ad
1330 640 1478 678 cursum
1511 645 1547 679 δε
1576 653 1664 680 con-

63 694 278 734 tentionem
303 691 526 732 velociffimi
552 697 588 731 &
616 691 827 732 validissimi
851 693 947 741 sunt,
987 694 1012 732 ii
1036 695 1081 732 ad
1113 695 1234 733 facem
1263 695 1363 733 suam
1385 696 1572 734 accensam
1597 697 1665 742 scr-

63 750 224 789 v'andam
249 748 397 787 fortass‘e
423 751 548 787 minus
576 748 661 786 sunt
696 749 846 796 habiles,
874 762 963 788 cum
995 762 1015 787 a
1043 749 1151 788 cursu
1180 749 1306 800 rapido
1328 758 1450 802 'aeque
1476 764 1518 789 ac
1554 751 1666 789 nimis

63 805 185 852 tardo,
220 803 428 854 perieulum
459 804 697 842 extinctionis
728 806 939 842 immineat.
994 804 1059 842 Isti
1085 815 1212 843 autem
1250 806 1439 843 luminum
1477 806 1600 844 cursus
1629 809 1666 845 &

64 860 267 898 certamina
300 857 521 911 iampridem
543 858 742 896 intermissa
764 859 947 907 videntur,
981 871 1069 897 cum
1101 859 1269 897 scientiae
1291 862 1331 897 in
1365 860 1493 912 primis
1520 862 1665 913 quibus-

64 927 138 972 que
157 914 387 960 authoribus,
419 911 641 962 Aristotele,
671 912 830 962 Galeno,
860 911 1039 962 Euclide,
1069 912 1308 962 Ptolemaeo,
1337 915 1498 953 maxime
1532 916 1667 954 florere

64 966 285 1017 cernamus
313 978 421 1020 atque
444 965 622 1007 successio
644 967 699 1006 nil
722 972 851 1019 magni
877 969 1040 1007 effecerit
1073 980 1135 1007 aut
1161 970 1239 1007 fere
1273 969 1482 1008 tentaverit.
1538 972 1667 1024 Atque

66 1023 277 1075 optandum
305 1024 401 1070 esset,
430 1034 471 1062 ut
499 1021 551 1061 isti
575 1024 654 1062 ludi
678 1025 718 1061 in
744 1024 931 1063 honorem
956 1022 1185 1062 Promethei
1212 1023 1282 1062 sive
1307 1026 1491 1063 humanae
1515 1036 1668 1065 naturae

66 1076 365 1125 instaurarentur,
394 1088 507 1128 atque
526 1091 580 1116 res
595 1088 784 1117 certamen
807 1082 846 1117 ὅ(
867 1079 1159 1117 aemulationem
1176 1083 1212 1116 ὃ(
1232 1080 1374 1116 bonam
1397 1080 1591 1129 fortunam
1615 1092 1668 1118 re—

66 1133 218 1187 ciperet,
242 1130 368 1182 ‘neque
391 1146 434 1171 ex
450 1132 559 1171 unius
578 1133 778 1184 cujuspiam
792 1133 871 1171 face
894 1135 1052 1171 tremula
1066 1144 1177 1182 atque
1199 1133 1332 1182 agitata
1353 1135 1542 1185 penderet.
1599 1138 1667 1174 Ita-

67 1190 140 1242 que
159 1188 330 1226 homines
351 1186 532 1225 monendi
559 1187 655 1235 sunt,
684 1199 725 1226 ut
741 1187 775 1226 se
802 1186 866 1238 ipsi
887 1187 1075 1235 suscitent,
1104 1191 1141 1226 ὃς
1173 1186 1264 1226 vires
1291 1198 1403 1237 atque
1429 1189 1540 1226 etiam
1569 1192 1667 1227 vices

28 1266 31 1267 ν
67 1244 145 1282 suas
163 1241 408 1292 experiantur,
444 1255 566 1293 neque
585 1241 624 1280 in
647 1255 853 1294 paucorum
887 1242 1089 1280 hominum
1115 1241 1288 1280 animulis
1312 1245 1350 1280 ὅ(
1376 1244 1566 1281 cerebellis
1584 1257 1666 1282 om-

67 1300 131 1337 nia
142 1307 298 1349 ponant.
355 1298 456 1334 Haec
471 1297 555 1335 sunt
570 1298 645 1344 illa,
674 1296 821 1346 quaein
838 1298 962 1335 fabula
979 1297 1041 1334 ista
1053 1296 1193 1347 vulgari
1208 1300 1244 1335 δε
1269 1298 1462 1336 decantata
1477 1299 1586 1335 nobis
1607 1300 1668 1337 ad-

68 1354 233 1397 umbrari
246 1352 438 1393 videntut;
466 1364 586 1403 neque
601 1362 729 1390 tamen
745 1352 967 1399 inficiamur,
995 1351 1049 1389 illi
1076 1352 1214 1390 subesse
1229 1352 1326 1389 haud
1349 1363 1474 1403 pauca,
1503 1365 1596 1402 quae
1622 1353 1668 1391 ad

71 1406 297 1457 Christianae
311 1406 396 1444 fidei
410 1407 577 1456 mysteria
601 1408 701 1444 miro
718 1406 900 1445 consensu
917 1406 1096 1449 innuant3
1124 1418 1211 1445 ante
1231 1409 1362 1445 onmia
1390 1409 1580 1457 navigatio
1607 1408 1670 1445 illa

70 1460 258 1502 Herculis
271 1463 312 1499 in
332 1474 444 1499 urceo
452 1462 498 1499 ad
507 1460 741 1499 liberandum
752 1459 1038 1509 Prometheum,
1067 1464 1271 1511 imaginem
1287 1463 1358 1499 Dei
1373 1463 1490 1500 Verbi
1506 1465 1547 1499 in
1559 1475 1670 1500 carne

70 1530 249 1571 tanquam
262 1515 384 1566 fragili
398 1517 545 1555 vasculo
559 1517 605 1553 ad
625 1516 925 1566 redemptionem
940 1515 1085 1566 generis
1106 1517 1262 1554 humani
1277 1519 1510 1568 properantis
1532 1529 1614 1566 prae
1634 1518 1670 1554 st:

71 1574 167 1613 ferre
181 1571 334 1610 videtur.
389 1573 536 1609 Verum
556 1583 637 1609 non
654 1583 812 1609 omnem
840 1573 880 1609 in
908 1573 982 1610 hoe
996 1584 1132 1621 genere
1147 1571 1336 1609 licentiam
1352 1570 1460 1609 nobis
1476 1570 1539 1621 ipsi
1558 1573 1670 1610 inter—

72 1628 242 1675 dicimus,
270 1638 318 1664 ne
336 1626 435 1664 forte
454 1628 543 1676 igne
559 1635 736 1664 extraneo
753 1627 800 1664 ad
812 1628 925 1665 altare
945 1626 1105 1665 Domini
1125 1637 1285 1664 utamur.

152 1790 271 1843 [27.
307 1781 501 1827 IeARUs
525 1780 764 1838 VOLAN83
814 1785 917 1828 item
947 1780 1145 1828 SerLLA
1170 1784 1213 1828 &
1233 1782 1554 1839 CHARYBD18‚

410 1870 413 1871 ⁷
711 1851 810 1916 five
833 1856 914 1899 via
935 1852 1092 1899 media.

132 1978 456 2016 MEDIOCRITA
465 1988 495 2024 s,
518 1975 588 2014 five
602 1978 660 2015 via
674 1977 806 2026 media,
834 1977 874 2016 in
895 1978 1096 2017 moralibus
1111 1975 1435 2021 laudatiffimaest3
1463 1978 1675 2018 inintellec-

80 2032 240 2071 tualibus
263 2033 388 2069 minus
414 2033 606 2079 celebrata,
634 2032 695 2070 sed
716 2045 796 2071 non
814 2033 936 2072 minus
959 2035 1059 2072 utilis
1077 2035 1114 2072 &
1129 2034 1249 2071 bona:
1278 2033 1316 2071 in
1336 2036 1499 2084 politicis
1526 2044 1677 2072 tantum

79 2088 250 2138 suspeffih,
280 2089 316 2125 &
332 2099 418 2124 cum
435 2086 574 2133 judicio
592 2087 811 2126 adhibenda.
868 2090 1027 2127 Morum
1042 2100 1167 2127 autem
1187 2088 1470 2136 mediocritates,
1497 2101 1562 2139 per
1577 2090 1678 2127 viam

81 2142 194 2193 Icaro
207 2141 493 2195 praescriptam&
522 2137 830 2181 intellectualium
842 2154 981 2191 autem,
997 2146 1166 2196 perviam
1181 2143 1277 2182 inter
1285 2142 1451 2195 Scyllam
1461 2146 1496 2181 ὅ(
1512 2141 1676 2194 Charyb-

81 2196 162 2236 dim
183 2199 235 2235 ob
250 2193 509 2235 difficultatem
535 2198 572 2234 δε
594 2199 801 2249 periculum
818 2198 1061 2244 decantatam,
1086 2200 1130 2236 ab
1144 2200 1304 2250 antiquis
1318 2209 1508 2236 notantur.
1565 2197 1680 2236 Icaro

81 2254 264 2304 praecepit
279 2262 393 2304 pater,
414 2264 502 2289 cum
516 2263 618 2289 mare
633 2252 718 2290 esset
731 2254 1094 2302 praetervolandum,
1109 2264 1150 2290 ut
1165 2253 1261 2290 viam
1271 2262 1333 2290 aut
1344 2252 1454 2290 nimis
1466 2253 1677 2299 sublimem,

82 2318 146 2345 aut
160 2306 272 2345 nimis
286 2307 468 2344 humilem
484 2317 636 2345 caveret.
682 2307 786 2346 Cum
797 2310 898 2345 enim
916 2309 992 2345 alae
1008 2320 1089 2344 cera
1104 2309 1217 2345 essent
1229 2307 1519 2357 conglutinatae,
1540 2309 1679 2359 pericu-

83 2365 166 2401 lum
185 2373 262 2399 erat
275 2359 301 2398 fi
316 2363 423 2400 altius
443 2361 646 2409 efferretur,
671 2375 719 2399 ne
739 2374 819 2400 cera
834 2375 876 2400 ex
892 2362 978 2400 solis
992 2362 1122 2400 ardore
1133 2362 1358 2413 liquefierem
1386 2361 1439 2400 fin
1448 2363 1493 2400 ad
1502 2375 1680 2413 vaporem

84 2419 198 2455 matis
212 2415 360 2466 propius
382 2417 416 2454 se
427 2416 670 2463 submitteret,
701 2430 749 2454 ne
762 2418 806 2454 ab
817 2418 977 2455 humore
992 2430 1072 2454 cera
1082 2419 1206 2454 minus
1221 2428 1329 2454 tenax
1345 2414 1562 2455 efficeretur.
1614 2418 1680 2454 Ille

85 2485 174 2510 vero
202 2472 290 2510 ausu
308 2470 459 2517 juvenili
486 2471 526 2508 in
553 2470 704 2510 celsiora
729 2471 938 2520 contendit,
967 2470 1129 2523 atquein'
1142 2484 1311 2523 praeceps
1334 2472 1451 2524 lapsus
1463 2473 1522 2510 est.
1578 2473 1680 2510 Para—

88 2528 178 2565 bola,
202 2525 314 2564 facilis
351 2529 388 2563 ὅ(
420 2527 567 2576 vulgata
594 2527 662 2564 est:
691 2526 833 2565 virtutis
860 2526 962 2564 enim
990 2529 1047 2564 via
1076 2528 1175 2564 inter
1205 2526 1385 2564 excessum
1420 2530 1457 2565 ὃς
1495 2527 1682 2564 descitum

88 2583 191 2620 recto
217 2579 365 2618 tramite
385 2582 557 2633 aperitur.
613 2583 750 2630 Neque
778 2583 919 2619 mirum
944 2592 1033 2628 erat,
1068 2579 1094 2617 fi
1123 2579 1288 2628 Icarum,
1318 2581 1471 2627 juvenili
1501 2581 1683 2620 alacritate

88 2637 316 2687 gestientem,
349 2636 505 2673 excelsus
528 2635 736 2685 perdiderit.
793 2637 956 2674 Excessus
972 2635 1073 2674 enim
1101 2637 1179 2673 fere
1211 2637 1410 2683 juve-*numi
1445 2637 1607 2674 defestus
1636 2637 1683 2674 se-

90 2704 184 2730 num
198 2689 283 2728 vitia
298 2692 366 2728 esse
388 2690 518 2728 solent.
574 2692 628 2728 Ex
657 2690 793 2728 semitis
819 2702 946 2729 tamen
967 2690 1072 2728 malis
1092 2694 1128 2728 ὅ(
1156 2693 1311 2739 nocivis,
1340 2688 1453 2741 elegit·
1479 2690 1617 2730 Icarus
1644 2689 1694 2740 (st-

92 2748 201 2799 plane
227 2746 461 2796 pereundum
491 2746 579 2793 erat)
608 2745 818 2783 meliorem.
876 2746 1052 2784 DcfccTtus
1081 2745 1182 2783 enim
1198 2747 1293 2783 redte
1321 2746 1552 2785 aestimantur
1575 2745 1688 2783 exces—

92 2800 186 2842 sibus
207 2798 415 2851 praviore&
471 2799 791 2852 Qandoquidcm
817 2800 971 2838 exeess'ui
1009 2800 1185 2838 nonnihil
1227 2800 1540 2851 magnanimitatis
1567 2797 1689 2846 subsit,

95 2859 134 2894 &
147 2854 382 2904 cognationis
397 2867 485 2892 cum
500 2856 622 2901 coelo,
651 2855 696 2892 ad
717 2854 824 2893 instar
843 2855 1024 2894 volucris:
1054 2855 1217 2893 defectus
1231 2867 1321 2893 vero
1348 2852 1454 2894 h'umi
1477 2855 1603 2906 serpat,
1633 2855 1687 2890 in-

96 2911 164 2949 star
178 2908 328 2961 reptilis.
385 2911 572 2948 Praeclare
588 2907 841 2951 Heraclitus;
872 2907 1176 2960 Lumenstccum,
1191 2911 1335 2962 optima
1348 2911 1488 2949 anima.
1547 2911 1648 2946 Nam
1665 2907 1690 2944 ss

96 2979 140 3002 ex
178 2964 298 3003 humo
325 2965 527 3003 humorem
554 2964 750 3002 contrahat
788 2966 925 3011 anima,
966 2965 1111 3014 prorsus
1148 2966 1368 3015 deprimitur
1406 2968 1443 3003 ὅ(
1474 2965 1692 3012 degenerat:

97 3019 251 3060 interim
283 3030 410 3057 tamen
442 3019 579 3057 modus
604 3018 834 3057 adhibendus
867 3019 927 3066 est,
957 3030 998 3057 ut
1032 3021 1076 3058 ab
1096 3019 1158 3058 illa
1195 3018 1351 3058 siccitate
1380 3018 1534 3064 laudata,
1562 3019 1693 3055 lumen

100 3074 272 3112 reddatur
297 3074 473 3122 subtilius,
501 3087 584 3114 non
608 3073 827 3125 corripiatur
848 3073 1077 3114 incendium.
1133 3075 1261 3129 Atque
1281 3077 1369 3113 haec
1394 3074 1509 3111 cuivis
1532 3071 1606 3125 fere
1625 3083 1696 3111 110-

152 3130 262 3168 Voa.
277 3129 322 3167 11.
398 3159 422 3164 ,.
846 3130 873 3166 Β
891 3129 951 3166 bb
982 3140 1001 3165 2
1215 3138 1219 3144 ⁸
1659 3134 1698 3163 ta

1792 216 1833 245 -Ἱ,

1735 228 1836 281 37“
