1973 3570
74 158 171 206 374

443 137 552 185 DE
600 135 1119 183 SAPIENTIA
1166 136 1639 183 VETERUM.

249 246 405 287 eamque
420 233 500 286 post
515 233 550 271 se
565 233 726 285 reliquit.
782 235 848 271 Illa
863 245 988 272 tamen
1006 234 1126 271 rursus
1142 235 1300 271 naturali
1317 236 1533 284 pernicitate
1556 237 1731 280 jacmram
1763 247 1855 275 tem-

252 289 353 342 poris
368 288 561 335 resarcivit,
590 300 700 340 atque
715 288 849 327 iterum
865 288 1043 329 emicuit;
1075 289 1135 326 sed
1149 301 1236 326 cum
1255 286 1514 341 Hl'ppomenes
1534 290 1697 328 secundo
1727 295 1762 329 ἃ
1786 301 1854 329 ter-

253 345 310 383 tio
335 344 551 391 hujusmodi
577 356 700 381 moras
721 343 754 381 ei
783 343 972 390 injecisset,
1002 345 1155 381 tandem
1174 345 1292 381 viCtor
1314 343 1450 390 astutia,
1480 357 1560 381 non
1584 344 1717 383 virtute
1737 345 1855 383 evasit.

255 401 392 438 Fabula
410 400 556 436 videtur
571 399 793 447 allegoriam
808 397 990 448 insignem
1019 411 1228 450 proponere
1253 399 1299 435 de
1314 400 1518 436 certamine
1541 399 1622 437 artis
1647 413 1735 438 cum
1756 412 1859 438 natu-

255 468 305 492 ra.
362 455 435 491 Ars
463 455 567 491 enim
592 465 656 502 per
671 450 913 492 Atalantam
934 451 1139 502 significata,
1172 452 1304 489 virtute
1327 451 1482 504 propria,
1511 452 1536 490 fi
1564 453 1655 491 nihil
1682 456 1800 492 obstet
1821 459 1859 493 ὃς

256 508 446 559 impediat,
476 510 591 557 longe
606 518 736 545 natura
751 510 918 545 velocior
942 508 989 544 est
1014 510 1048 545 ὃ(
1064 508 1177 545 veluti
1193 507 1318 544 cursus
1341 509 1541 549 citatior-iffi
1570 512 1606 546 ὃ(
1635 512 1786 547 celerius
1811 510 1858 546 ad

256 575 398 601 metam
419 564 599 615 pervenit.
654 564 738 600 Hoc
758 561 918 599 enimin
943 562 1121 600 omnibus
1148 562 1224 599 fere
1247 561 1382 599 effectis
1410 573 1532 613 patet3
1561 576 1688 600 cernas
1721 564 1859 602 fruetus

256 632 299 656 ex
328 620 469 656 nucleis
496 617 611 664 tarde,
640 630 681 654 ex
708 615 883 654 insitione
911 619 1079 655 celeriter
1105 619 1327 667 provenire3
1355 629 1482 654 cernas
1505 619 1628 655 lutum
1649 617 1687 655 in
1711 631 1859 667 genera·

256 673 364 711 tione
385 672 549 724 lapidum
564 672 679 717 tarde,
710 673 750 707 in
764 671 1030 709 torrefactione
1053 673 1211 708 laterum
1236 674 1314 708 cito
1334 672 1550 713 durescere3
1580 672 1693 709 etiam
1716 676 1756 710 in
1779 686 1860 720 mo·

260 729 408 774 talibus,
436 728 615 763 dolorum
631 724 865 763 oblivionem
885 729 921 763 ὅ(
937 726 1066 762 solatia
1080 725 1302 763 diuturnitas
1323 729 1502 775 temporis
1531 726 1629 775 quasi
1656 740 1697 765 ex
1728 729 1861 766 benefi-

258 781 319 819 cio
334 792 485 819 naturae
500 779 654 826 inducit,
683 776 1049 831 philosophiaautem
1067 780 1174 828 (quae
1189 780 1302 817 veluti
1330 793 1384 817 ars
1404 782 1551 819 vivendi
1569 781 1628 829 cst)
1657 784 1759 820 diem
1780 796 1862 820 non

258 838 433 886 expestat,
462 834 523 871 sed
551 834 702 886 praestat
726 837 763 871 ὅ(
792 834 1046 883 repraesentat.
1102 835 1247 871 Verum
1283 834 1384 871 istam
1403 837 1489 872 artis
1512 836 1800 887 praerogativam
1824 841 1861 875 δε

257 890 425 940 vigorem
443 887 592 926 infinito
608 901 733 925 terum
750 889 999 926 humanarum
1014 888 1257 935 detrimento,
1291 891 1387 925 mala
1406 903 1515 927 aurea
1530 892 1726 928 retardant.
1783 895 1820 929 N
1825 905 1860 929 c-

256 958 330 996 que
346 943 526 994 rcpcritur
545 955 587 980 ex
602 942 761 981 scientiis
771 954 832 980 aut
841 942 980 981 artibus
995 943 1126 994 aliqua,
1155 957 1247 995 quae
1264 943 1410 982 cursum
1427 945 1533 982 suum
1548 958 1676 983 verum
1696 949 1733 984 <Sc
1747 947 1861 996 legiti-

256 1012 366 1037 mum
380 1000 426 1036 ad
439 998 557 1036 finem
571 997 693 1044 suum,
714 1008 893 1047 tanquam
905 999 951 1035 ad
967 1009 1108 1035 metam
1122 999 1331 1036 constanter
1346 999 1558 1047 produxerit
1575 1014 1584 1040 3
1615 1001 1671 1037 sed
1683 1013 1863 1051 perpetuo

257 1065 354 1092 artes
376 1053 550 1105 incoepta
572 1052 801 1105 praecidunt,
831 1056 867 1091 ὃ(
880 1052 1037 1091 stadium
1057 1054 1241 1101 deserunt,
1271 1057 1307 1091 ὃ(
1321 1055 1367 1091 ad
1386 1056 1533 1091 lucrum
1552 1057 1588 1092 δ(
1609 1057 1862 1093 commodum

258 1109 461 1156 declinant,
490 1106 598 1145 instar
612 1102 847 1145 Atalantae.

551 1189 751 1229 Declinat
765 1189 908 1243 cursim,
937 1204 1145 1245 aurumque
1160 1190 1327 1231 volubile
1347 1191 1466 1231 tollit.

312 1270 392 1312 ITA
402 1287 496 1326 QUE
525 1273 664 1312 mirum
687 1272 844 1311 minime
868 1272 930 1321 est,
957 1271 983 1309 fi
1005 1274 1074 1311 arti
1101 1287 1180 1312 non
1203 1275 1333 1313 datum
1361 1273 1415 1321 sit,
1454 1285 1625 1312 naturam
1653 1277 1800 1314 vincere
1827 1279 1865 1314 δε

260 1330 397 1368 νῐξῑεῐῃ
412 1343 454 1366 ex
478 1330 586 1383 paeto
614 1328 682 1366 illo
707 1332 743 1366 ὅ(
764 1330 845 1378 lege
874 1328 1085 1366 certaminis
1114 1329 1295 1379 perimere
1319 1340 1381 1366 aut
1402 1330 1608 1371 destruere3
1639 1330 1699 1367 sed
1720 1343 1868 1369 con-tra-

263 1383 362 1421 rium
377 1384 533 1432 eveniat,
562 1395 602 1422 ut
618 1396 671 1421 ars
688 1383 727 1421 in
754 1393 907 1421 naturae
935 1383 1110 1433 potestate
1125 1382 1182 1431 sit,
1209 1395 1319 1435 atque
1339 1383 1453 1422 veluti
1475 1395 1590 1436 nupta
1617 1387 1753 1423 mulier
1775 1399 1865 1424 com

263 1438 341 1489 jugi
355 1450 488 1489 pareat.

551 1563 575 1594 2
586 1549 627 1595 6.
673 1547 709 1593 P
718 1566 743 1594 R
752 1563 780 1592 ο
789 1565 822 1594 Μ
831 1566 854 1595 Ε
866 1564 896 1594 Τ
907 1565 937 1594 H
947 1566 969 1596 E
981 1565 1009 1594 u
1021 1566 1057 1606 s,
1077 1549 1176 1614 five
1192 1548 1343 1596 Status
1367 1549 1587 1597 Hominis.

320 1658 536 1694 TRADUN
547 1669 571 1695 Τ
585 1656 728 1707 antiqui
743 1657 942 1696 hominem
956 1658 1060 1695 fuiffe
1076 1671 1168 1708 opus
1177 1657 1417 1705 Promethei,
1436 1669 1547 1708 atque
1561 1672 1603 1697 ex
1614 1660 1698 1697 luto
1711 1660 1864 1708 fastum,-

270 1710 338 1749 nisi
356 1713 457 1763 quod
483 1710 741 1750 ‘Prometheus
767 1712 958 1764 particulas
986 1725 1029 1750 cx
1057 1712 1200 1751 diversis
1227 1712 1445 1752 animalibus
1469 1715 1599 1751 mass'ae
1623 1714 1867 1754 admiscuerit.

268 1768 338 1805 Ille
353 1778 478 1804 autem
489 1780 576 1805 cum
596 1780 689 1818 opus
703 1767 812 1805 suum
827 1766 1009 1806 beneficio
1037 1768 1104 1806 suo
1130 1768 1225 1807 tueri
1248 1770 1371 1816 vellet,
1399 1782 1522 1818 neque
1539 1771 1716 1807 conditor
1745 1771 1870 1808 solum

269 1821 413 1871 generis
427 1824 583 1859 numani
597 1822 722 1870 videri,
750 1835 879 1860 verum
900 1825 1013 1860 ctiam
1028 1823 1271 1876 amplificator
1297 1825 1343 1861 ad
1368 1825 1519 1862 coelum
1546 1824 1709 1862 ascendit
1723 1826 1870 1874 furtim,

269 1876 381 1913 fasces
398 1876 523 1915 secum
544 1888 696 1929 portans
715 1890 757 1914 ex
786 1878 913 1926 ferula,
943 1878 1076 1927 quibus
1102 1880 1147 1916 ad
1168 1892 1319 1916 currum
1348 1878 1433 1916 solis
1459 1878 1619 1917 admotis
1645 1882 1681 1917 ὃς
1702 1879 1869 1928 accensis,

270 1933 401 1980 ignem
416 1932 462 1968 ad
484 1942 621 1969 terram
636 1932 780 1980 detulit,
809 1943 920 1984 atque
939 1945 1025 1970 cum
1041 1934 1259 1971 hominibus
1277 1933 1580 1971 communicavit.
1636 1935 1701 1972 Ob
1721 1946 1871 1973 tantum

272 1984 500 2024 ‘Promethei
515 1987 695 2025 meritum
724 1999 940 2025 memorant
973 1988 1147 2025 homines
1172 2001 1303 2041 parum
1329 1999 1454 2038 gratos
1481 1989 1595 2027 fuiss'e.
1651 1989 1870 2042 Quinetiam

270 2040 549 2090 conspiratione
560 2042 656 2092 ,facta
672 2044 708 2079 ὃς
729 2041 1005 2081 Prometheum
1025 2046 1060 2080 ὅ(
1075 2043 1272 2081 inventum
1288 2045 1364 2089 ejus
1373 2044 1468 2093 apud
1478 2042 1627 2095 Jovem
1639 2044 1867 2083 accusarunt.

271 2095 325 2147 Ea
339 2108 394 2132 res
420 2108 502 2134 non
527 2098 683 2148 perinde
709 2108 868 2150 accepta,
897 2108 1006 2149 atque
1030 2111 1191 2149 aequum
1213 2098 1327 2136 videri
1350 2096 1473 2148 possit.
1530 2101 1633 2137 Nam
1658 2100 1732 2148 ipsa
1767 2112 1871 2137 accu-

271 2149 365 2188 satio
375 2148 483 2201 Jovi
498 2154 534 2188 δε
549 2151 685 2202 superis
710 2153 918 2190 admodum
933 2153 1038 2190 cordi
1061 2153 1144 2191 fuit.
1200 2156 1326 2205 Itaque
1341 2152 1508 2192 delectati
1536 2167 1617 2191 non
1638 2154 1760 2191 solum
1776 2154 1872 2205 ignis

273 2204 872 2255 usumhominibusindulserunt,
901 2220 1029 2245 verum
1055 2211 1091 2245 ὅ(
1114 2221 1257 2246 novum
1284 2221 1422 2247 munus
1446 2208 1620 2247 omnium
1644 2211 1805 2246 maxime
1837 2222 1872 2247 a·

273 2261 411 2297 mabile
441 2263 477 2298 ἅ
505 2263 670 2311 optabile
703 2263 934 2313 (perpetuam
957 2262 1138 2301 nimirum
1168 2266 1372 2313 juventam)
1416 2263 1633 2301 hominibus
1665 2265 1873 2302 donarunt.

274 2316 332 2351 Illi
348 2316 541 2364 gestientes
567 2319 602 2354 ὅ(
626 2316 754 2369 inepti,
782 2318 930 2355 donum
953 2318 1113 2355 deorum
1135 2319 1248 2356 asello
1267 2318 1538 2371 imposuerunt.
1592 2321 1694 2356 Inter
1709 2319 1873 2356 redeun-

275 2369 366 2406 dum
392 2381 517 2408 autem
542 2372 732 2410 laborabat
763 2373 891 2411 asellus
916 2371 970 2410 siti
999 2373 1099 2422 gravi
1129 2375 1166 2410 ὅ(
1192 2374 1432 2414 vehementi3
1460 2370 1628 2425 cumque
1646 2375 1690 2411 ad
1718 2374 1869 2411 fontem

274 2425 461 2473 quendam
487 2426 713 2476 perveniss'et,
749 2427 895 2477 serpens
926 2428 1026 2465 fonti
1049 2426 1168 2465 custos
1199 2428 1355 2476 additus,
1384 2441 1473 2466 eum
1501 2441 1521 2465 a
1545 2440 1639 2478 potu
1665 2427 1871 2480 prohibuit,

272 2475 341 2514 nisi
360 2478 462 2526 illud,
491 2481 744 2531 quodcunque
771 2483 871 2531 ess'et,
899 2484 1003 2532 quod
1025 2481 1063 2519 in
1097 2482 1210 2520 dorso
1231 2493 1406 2533 portaret,
1434 2482 1563 2535 pacisci
1582 2485 1712 2521 vellet:
1741 2483 1872 2521 asellus

270 2531 380 2569 miser
403 2535 662 2573 conditionem
682 2536 832 2588 accepit,
861 2549 971 2586 atque
994 2538 1067 2574 hoc
1095 2538 1216 2575 modo
1243 2537 1455 2575 instauratio
1483 2537 1694 2584 juventutis,
1721 2539 1763 2575 in
1790 2550 1870 2590 pre-

273 2586 372 2624 tium
399 2587 541 2627 haustus
560 2590 708 2642 pusillae
730 2604 856 2643 aquae,
879 2594 925 2630 ab
944 2591 1159 2630 hominibus
1186 2593 1232 2630 ad
1253 2592 1435 2642 serpentes
1457 2593 1659 2631 transmiss'a
1678 2590 1741 2630 cst.
1798 2594 1889 2632 Vc·-

274 2653 359 2678 rum
376 2639 632 2682 Prometheus
652 2658 671 2683 a
688 2647 827 2684 malitia
841 2646 903 2685 sua
925 2660 1007 2685 non
1026 2646 1231 2695 abscedens,
1259 2659 1368 2699 atque
1383 2646 1599 2685 hominibus
1615 2648 1693 2697 post
1713 2649 1871 2699 praemi-

273 2708 340 2733 um
360 2694 453 2733 illud
473 2709 605 2736 eorum
621 2700 845 2749 frustratum,
875 2701 1146 2749 reconciliatus,
1186 2701 1316 2740 animo
1331 2715 1421 2740 vero
1449 2714 1531 2752 erga
1551 2699 1699 2752 Jovem
1729 2703 1881 2740 exulce-‚

273 2760 372 2793 rato,
400 2751 511 2789 dolos
526 2751 637 2790 etiam
662 2756 706 2792 ad
722 2755 938 2794 sacrificium
955 2755 1128 2795 adhibere
1147 2759 1286 2795 veritus
1312 2769 1394 2795 non
1415 2757 1473 2795 est.
1528 2757 1659 2805 Atque
1689 2757 1785 2794 duos
1807 2756 1871 2795 ali-

273 2805 427 2857 quando
440 2816 563 2854 tauros
575 2805 681 2858 Jovi
702 2810 836 2849 dicitur
850 2811 1068 2859 immolaffe‚
1096 2813 1147 2850 ita
1169 2823 1295 2851 tamen
1325 2823 1365 2850 ut
1388 2814 1429 2849 in
1455 2810 1603 2849 alterius
1627 2812 1725 2863 pelle
1745 2823 1873 2849 carnes

273 2863 314 2914 &A
325 2860 471 2910 adipem
493 2863 693 2909 amborum
718 2863 914 2914 incluserit,
944 2869 1098 2905 alteram
1124 2868 1261 2918 pellem
1290 2863 1430 2904 ossibus
1457 2866 1728 2904 tantummodo
1746 2865 1872 2904 suffar-

273 2915 405 2953 cinarit
421 2930 431 2957 ς
460 2926 570 2965 atquc
584 2917 720 2955 deinde
735 2919 922 2969 religiosus
942 2920 1074 2959 scilicet
1095 2924 1131 2959 δε
1148 2923 1332 2972 benignus
1345 2920 1453 2973 Jovi
1461 2922 1660 2970 optionem
1675 2917 1870 2959 concessit.

272 2968 437 3022 Jupiter
451 2971 638 3009 vafriciem
654 2974 690 3010 ὅ(
705 2974 842 3012 malam
866 2976 980 3013 fidem
995 2977 1072 3022 eius
1086 2977 1292 3024 detestatus,
1321 2976 1383 3014 sed
1403 2976 1531 3013 nactus
1557 2973 1792 3014 occasionem
1815 2976 1870 3013 ul-

274 3024 401 3077 tiouis,
429 3025 634 3075 ludibrium
653 3027 746 3066 illud
774 3028 869 3066 tauri
893 3031 1032 3080 elegit3
1059 3041 1169 3082 atquc
1185 3032 1230 3069 ad
1259 3030 1460 3071 vindictam
1487 3030 1696 3078 conversus,
1723 3042 1811 3069 eum
1835 3029 1873 3068 se

1773 3085 1871 3123 inso-

1847 3224 1868 3251 2
