1973 3570
229 203 649 251 HlSTORIA
702 202 969 249 VITAE
1023 201 1125 248 ET
1176 203 1526 252 MORTIS.

66 304 185 342 duum
215 304 269 351 (ut
297 304 439 342 distnm
468 304 529 350 est)
557 302 623 341 nili
651 314 868 352 reparentur
883 316 949 355 per
965 304 1324 347 alimentationem;
1353 304 1391 340 id
1412 306 1514 352 quod
1536 308 1673 348 indicat

66 362 179 398 citam
208 361 312 397 illam
339 359 644 411 absumptionem
675 359 743 396 effe
772 371 867 408 opus
896 358 1043 410 spiritus
1071 360 1158 405 vivi,
1188 358 1251 407 qui
1282 369 1343 395 aut
1372 358 1408 395 sc
1432 372 1583 409 reparat,
1612 376 1674 402 aut

65 425 185 464 partes
213 417 323 463 ponit
353 417 393 452 in
427 411 642 451 necess'itatc
671 413 705 450 se
733 414 937 465 reparandi,
967 423 1030 450 aut
1055 424 1269 462 utrunque:
1299 415 1424 465 Quam
1450 426 1529 451 rem
1558 419 1672 456 etiam

65 470 158 508 illud
187 469 322 516 astruit,
354 470 470 518 (quod
494 470 608 520 paulo
623 479 708 506 ante
724 479 899 505 notatum
915 467 963 505 est
979 469 1003 515 3)
1035 481 1184 518 nempe,
1214 469 1316 516 quod
1334 465 1474 518 possinr
1498 473 1672 510 animalia

62 523 138 561 sine
153 523 335 562 alimento
364 526 476 574 paulo
505 524 644 561 diutius
671 524 818 568 durare,
848 521 1091 561 sidormiant.
1152 523 1209 560 At
1234 523 1388 561 somnus
1417 527 1582 563 omnino
1616 530 1670 564 nil

65 580 166 617 aliud
182 580 242 625 est,
271 592 383 628 quam
401 581 565 628 receptio
583 579 729 629 spiritus
749 581 823 616 vivi
840 578 878 615 in
907 578 953 615 se.

121 646 184 679 25.
219 635 431 671 Copiosa
462 635 575 670 nimis
599 636 635 670 <Sc
663 635 844 671 continua
868 630 1022 671 effluxio
1050 632 1249 683 sanguinis,
1279 635 1397 682 qualis
1413 635 1616 683 aliquando
1630 637 1672 674 fit

64 689 110 727 ab
138 690 516 729 haemorrhoidibus3
545 689 736 725 interdum
765 701 785 726 a
815 691 965 726 vomitu
981 688 1197 738 sanguineo,
1227 689 1328 726 venis
1349 691 1594 728 interioribus
1618 705 1672 728 re-

65 743 191 782 seratis
219 755 281 782 aut
306 744 454 785 fraffiss
485 744 673 782 interdum
704 756 746 780 ex
770 745 997 790 vulneribus,
1027 754 1194 781 mortem
1216 744 1330 781 infert
1358 741 1555 782 festinam:
1583 755 1672 783 euni

62 798 207 847 sanguis
237 811 418 838 venarum
453 798 623 848 sanguini
661 801 880 836 arteriarum
915 799 1110 847 ministret,
1155 799 1300 848 sanguis
1329 801 1560 847 arteriarum,
1604 801 1672 852 spi-

66 865 167 891 ritui.

75 935 78 938 -
120 910 183 946 26.
213 910 355 946 HAUD
384 921 537 960 parvum
564 910 612 946 est
642 919 826 957 quantum
853 909 926 946 cibi
958 911 995 946 δε
1021 920 1143 958 potus,
1173 910 1273 957 quod
1305 910 1426 946 homo
1454 909 1506 947 bis
1534 911 1575 947 in
1608 912 1670 948 die

61 964 178 1013 pastus
207 965 304 1001 intra
327 977 462 1015 corpus
485 966 639 1016 recipit:
670 965 784 1012 longe
809 966 902 1013 plus,
932 976 1045 1013 quam
1069 975 1132 1001 aut
1159 977 1224 1013 per
1254 964 1392 1010 sellam,
1422 975 1484 1001 aut
1511 977 1575 1014 per
1597 968 1667 1003 uri-

62 1031 163 1065 nam,
192 1030 254 1056 aut
269 1032 334 1071 per
355 1019 503 1057 sudores
519 1021 660 1068 egerit:
691 1020 759 1056 Nil
775 1021 929 1064 mirum,
962 1020 1112 1067 (inquis)
1139 1031 1226 1056 eum
1256 1021 1443 1066 reliquum
1472 1022 1511 1056 in
1540 1018 1669 1057 succos

61 1076 98 1111 &
127 1074 362 1112 substantiam
389 1077 559 1123 corporis
594 1083 772 1110 mutetur.
829 1074 970 1111 Recte:
1008 1073 1069 1110 sed
1099 1075 1222 1122 cogita
1252 1074 1445 1124 paulisper,
1488 1075 1592 1122 quod
1614 1084 1666 1112 'ea

60 1125 219 1166 aecessio
247 1129 288 1166 fit
310 1131 365 1166 bis
385 1131 425 1166 in
454 1131 527 1175 die,
557 1140 679 1176 neque
694 1138 822 1164 tamen
838 1140 973 1177 corpus
989 1128 1175 1169 exundat3
1203 1126 1381 1174 similiter,
1410 1129 1497 1165 licet
1522 1128 1668 1178 spiritus

27 1232 30 1234 -
60 1194 259 1235 reparetur,
290 1194 418 1220 tamen
433 1194 577 1231 quanto
594 1183 659 1219 suo
681 1195 761 1219 non
777 1185 986 1219 enormiter
1003 1183 1188 1219 excrescit.

118 1248 180 1287 27.
212 1241 311 1276 Nm
337 1240 472 1275 attinet
500 1238 616 1274 adesse
637 1239 862 1274 alimentum
885 1240 925 1274 in
948 1238 1065 1287 gradu
1089 1248 1253 1284 remoto,
1282 1236 1343 1274 sed
1359 1238 1436 1281 ejus
1464 1239 1610 1285 generis
1631 1241 1668 1276 ὅς

58 1294 110 1331 ita
125 1304 379 1345 praeparatum
397 1293 710 1337 &ministratunn
742 1303 782 1329 ut
804 1292 946 1342 spiritus
976 1294 1015 1328 in
1045 1293 1137 1329 illud
1165 1305 1274 1342 agere
1289 1289 1413 1341 poffit.
1471 1294 1607 1341 Neque
1634 1306 1668 1330 e-

59 1350 141 1387 nim
172 1349 321 1386 baculus
350 1350 446 1386 cerei
476 1345 633 1385 sufficiet
659 1348 705 1384 ad
734 1347 928 1384 flammam
942 1348 1252 1393 continuandam,
1282 1346 1348 1383 nisi
1365 1346 1451 1384 adsit
1468 1359 1575 1388 ceras
1604 1360 1667 1384 ne-

59 1416 132 1451 que
151 1403 326 1441 homines
346 1403 468 1441 herbis
486 1403 572 1440 solis
587 1402 683 1454 pasci
702 1403 852 1453 poss'unt
870 1417 877 1439 :
906 1401 1037 1450 Atque
1052 1403 1140 1438 inde
1155 1403 1196 1439 fit
1212 1402 1383 1450 atrophia
1399 1401 1532 1448 senilis,
1562 1404 1667 1450 quod

57 1460 146 1496 lieet
170 1457 258 1496 adiit
279 1471 366 1495 caro
395 1461 432 1495 &c
458 1458 615 1507 sanguis,
648 1467 777 1494 tamen
798 1457 942 1506 spiritus
962 1457 1011 1493 est
1039 1457 1154 1494 faetus
1176 1467 1255 1493 tam
1278 1469 1415 1506 paucus
1431 1459 1467 1493 &
1487 1468 1598 1503 raruS,
1629 1460 1666 1495 ὅ(

57 1513 155 1551 succi
175 1516 212 1551 &
236 1513 381 1563 sanguis
401 1524 480 1550 tam
508 1513 639 1550 effoeti
665 1514 702 1549 δί
722 1512 908 1559 obstinati,
938 1522 979 1549 ut
994 1524 1076 1550 non
1095 1522 1220 1549 teneat
1234 1510 1433 1563 proportio
1450 1512 1495 1548 ad
1511 1513 1667 1549 alimen·

60 1569 234 1608 tandum.

114 1624 178 1662 28.
211 1625 542 1662 SUBDUCAMUS
569 1624 730 1661 calculos
752 1623 994 1673 indigentiae,
1024 1621 1228 1659 secundum
1250 1621 1398 1659 cursum
1427 1632 1579 1660 naturae
1606 1635 1666 1660 or-

59 1677 246 1717 dinarium
275 1683 311 1717 &
340 1679 574 1717 consuetum.
630 1680 888 1728 Explicatione
911 1688 1039 1715 motus
1066 1676 1132 1723 sui,
1162 1679 1202 1714 in
1225 1678 1441 1715 ventriculis
1465 1678 1665 1716 cerebri&

57 1737 194 1781 nervis,
222 1735 367 1783 indiget
399 1734 546 1786 spiritus
569 1745 778 1785 perpetu03
807 1744 919 1770 motu
949 1733 1083 1779 cordis,
1113 1731 1219 1769 tertia
1243 1743 1344 1781 parte
1359 1734 1549 1769 momenti
1565 1751 1578 1775 ,-
1609 1745 1663 1770 re-

59 1789 274 1841 spiratione,
304 1788 453 1839 fingulis
476 1791 709 1828 momentis3
740 1788 877 1826 somno
900 1791 936 1825 ὃς
965 1789 1160 1834 alimento,
1190 1789 1288 1824 intra
1310 1787 1478 1824 triduum
1494 1801 1504 1828 3
1534 1798 1666 1839 poten-

57 1847 111 1881 tia
138 1845 184 1882 ad
208 1845 510 1882 alimentandum
535 1843 634 1893 quasi
666 1844 745 1894 post
773 1845 966 1893 oCtoginta
989 1854 1121 1880 annos
1177 1842 1308 1890 Atque
1338 1839 1364 1878 fi
1392 1843 1501 1879 alicui
1532 1854 1575 1879 ex
1608 1843 1665 1880 his

57 1899 279 1949 indigentiis
299 1912 381 1936 non
400 1899 645 1946 succurratur,
675 1899 843 1947 sequitur
866 1911 982 1936 mors.
1038 1900 1171 1946 Atque
1199 1899 1268 1934 tria
1298 1898 1408 1946 plane
1438 1897 1508 1933 effe
1539 1896 1666 1935 viden-

56 1962 118 1993 tur
146 1956 280 1993 atriola
305 1956 463 1996 mottiss
492 1952 682 1992 destitutio
706 1953 863 2004 spiritus,
894 1955 935 1991 in
963 1963 1074 1991 motu
1096 1952 1190 1994 su03
1220 1954 1261 1989 in
1283 1951 1504 2001 refrigerio3
1533 1953 1574 1989 in
1603 1951 1667 1990 ali-

57 2020 203 2047 mento.

76 2101 80 2105 .
112 2063 283 2103 Manita.
346 2077 377 2103 1.
395 2067 705 2112 ERRAVERIT,
734 2064 797 2114 qui
816 2065 996 2102 existimet
1017 2063 1188 2116 spiritum
1207 2064 1347 2109 vivum,
1376 2062 1550 2114 exemplo
1564 2061 1668 2098 flam-

61 2132 146 2158 mae
167 2131 350 2173 perpetuo
372 2123 542 2170 generati
566 2122 602 2158 ὅ(
617 2120 795 2170 extingui,
826 2132 896 2158 nec
913 2121 959 2158 ad
978 2130 1126 2171 tempus
1146 2119 1300 2167 aliquod
1329 2118 1497 2155 notabile
1522 2117 1666 2153 durare.

58 2177 198 2224 Neque
230 2177 334 2213 enim
364 2176 437 2213 hoc
464 2176 554 2213 facit
578 2175 730 2213 flamma
752 2174 825 2227 ipsa
848 2188 892 2213 ex
915 2186 1045 2213 natura
1074 2174 1147 2221 sua,
1177 2173 1239 2211 sed
1265 2174 1352 2222 quia
1379 2173 1477 2209 inter
1511 2172 1666 2207 inimica

60 2230 242 2269 versatur:
273 2233 375 2269 Nam
396 2231 548 2268 flamma
569 2232 666 2267 intra
686 2231 880 2268 flammam
896 2231 1015 2268 durat.
1070 2230 1126 2266 At
1156 2229 1303 2277 spiritus
1323 2228 1426 2263 vivus
1456 2228 1554 2261 inter
1575 2227 1666 2262 ami-

57 2298 100 2323 ca
119 2286 220 2335 degit
240 2289 276 2323 ὅ(
295 2285 473 2335 obsequia
492 2285 664 2337 plurima.
720 2287 849 2333 Itaque
869 2297 958 2322 cum
977 2285 1129 2321 flamma
1156 2281 1199 2319 sit
1230 2279 1422 2318 substantia
1450 2290 1662 2317 momenta-

58 2353 140 2388 nea,
170 2343 228 2377 aer
249 2351 373 2378 autem
397 2340 592 2378 substantia
614 2340 708 2380 fixa;
738 2339 882 2391 spiritus
902 2340 977 2376 vivi
997 2337 1121 2375 media
1144 2335 1193 2373 est
1209 2337 1317 2373 ratio.
1636 2385 1640 2388 ι

116 2407 150 2434 2.
180 2397 250 2433 DE
289 2397 444 2434 interitu
477 2395 624 2448 spiritus
658 2408 723 2446 per
757 2394 1045 2431 destructionem
1078 2402 1323 2440 organorum,
1356 2388 1487 2437 (qualis
1519 2388 1560 2426 fit
1598 2401 1667 2440 per

58 2452 217 2488 morbos
241 2453 277 2488 ὃ(
303 2450 540 2499 violentiam)
568 2463 650 2488 non
673 2450 720 2487 est
745 2447 936 2499 inquisitio
955 2447 1134 2500 praesens,
1165 2446 1220 2492 (ut
1244 2446 1290 2481 ab
1317 2445 1433 2480 initio
1460 2444 1620 2480 diximus
1637 2445 1662 2491 ς)

58 2504 202 2544 tametsi
232 2508 268 2543 &
294 2507 358 2542 ille
382 2507 423 2542 in
451 2507 583 2544 eadem
607 2507 679 2543 tria
706 2506 841 2542 atriola
869 2502 1033 2541 desinat:
1062 2501 1193 2549 Atque
1216 2499 1262 2536 de
1282 2498 1359 2549 ipsa
1383 2498 1507 2535 forma
1527 2501 1664 2536 mortis

58 2561 149 2599 haec
172 2559 344 2609 inquisita
364 2559 446 2598 fint.

113 2627 178 2663 29.
207 2617 316 2653 Duo
345 2615 429 2654 sunt
450 2617 577 2665 magni
600 2614 855 2665 praecursores
884 2611 1016 2651 mortis
1026 2628 1041 2655 ς
1070 2612 1198 2649 altera
1220 2611 1352 2660 capite,
1380 2610 1473 2646 alter
1500 2621 1522 2645 a
1550 2609 1664 2646 corde

59 2671 210 2708 miffus:
240 2669 450 2709 Convulfio
479 2673 516 2707 ὃς
545 2681 730 2707 extremus
757 2670 863 2707 labor
888 2668 1011 2719 pulsus
1026 2685 1041 2710 5
1070 2668 1296 2704 nam-etiam
1319 2662 1499 2713 singultus
1527 2664 1592 2700 ille
1615 2665 1663 2700 le-

59 2724 168 2763 thalis
201 2725 250 2763 est
282 2724 535 2764 convulsionis
562 2737 706 2774 genus3
734 2726 840 2762 labor
873 2734 999 2762 autem
1028 2721 1153 2772 pulsus
1177 2721 1323 2758 lethalis
1350 2719 1462 2756 habet
1490 2719 1664 2756 velocita-

61 2791 140 2818 tem
164 2779 359 2830 insignem,
388 2780 698 2829 quandoquidem
725 2792 790 2817 cor
817 2779 882 2816 sub
903 2777 978 2828 ipsa
1000 2787 1126 2814 morte
1148 2777 1202 2813 ita
1219 2774 1394 2825 trepidet,
1422 2784 1463 2810 ut
1478 2772 1606 2821 systole
1627 2774 1665 2808 <Sc

60 2834 212 2872 diastole
236 2836 314 2873 fere
333 2836 641 2875 confundantur-3
670 2834 781 2872 habet
801 2836 916 2871 etiam
943 2832 1186 2878 conjunC’mm
1201 2831 1434 2868 debilitatem
1450 2830 1486 2864 ὅ(
1514 2827 1663 2863 humili-

61 2886 190 2936 tatem,
219 2893 255 2928 ὅ(
277 2891 416 2940 saepius
433 2885 752 2928 intermiffionem
772 2901 962 2938 magnam,
989 2885 1197 2925 labascente
1211 2895 1322 2923 motu
1335 2883 1471 2928 cordis,
1500 2892 1570 2917 nee
1588 2879 1663 2917 for-

61 2946 150 2981 titer
165 2955 228 2981 aut
248 2946 458 2982 constanter
474 2944 664 2994 insurgere
679 2945 839 2981 valente.

119 3009 183 3049 30.
212 3001 548 3038 PRAECEDUNT
579 3001 694 3037 etiam
717 3008 885 3036 mortem
910 2996 951 3033 in
975 2997 1194 3047 propinquo
1215 2995 1359 3034 summa
1382 2989 1606 3038 inquietudo
1626 2990 1664 3025 ὅς

56 3053 240 3100 ,ὶαξῒᾱῑίος
268 3065 396 3094 motus
421 3067 604 3095 manuum
625 3065 806 3104 tanquam
832 3053 974 3091 floccos
1002 3051 1243 3102 colligend03
1280 3041 1666 3135 nixusptehenssongi

117 3109 226 3148 VoL.
256 3110 300 3146 ΙΙ.
864 3108 898 3146 Ζ

1718 223 1811 273 177
