1973 3570
167 263 269 308 DE
332 261 1180 309 INTERPRETATIONE
1232 263 1648 315 NATURAE.
1760 264 1854 332 243

100 360 202 396 ribus
230 360 368 406 honor,
408 361 445 396 ὃ(
471 360 678 407 reverentia
704 359 839 396 intaeta
860 361 897 396 ὃ(
922 360 1126 397 imminuta
1148 371 1344 401 maneant;
1374 363 1411 398 δε
1437 374 1507 399 nos
1531 363 1707 403 destinata.

96 410 284 463 perficere,
326 417 363 451 &
388 425 515 451 tamen
545 412 744 451 modestiae
770 413 914 451 nostrae
939 413 1103 451 fructum
1130 416 1322 466 percipere
1350 413 1542 468 poffimus.
1604 421 1708 458 Nam

96 480 180 516 nos,
217 467 241 506 fi
270 468 512 518 profiteamur
540 481 610 506 nos
640 469 797 505 meliora
822 468 955 506 afferre
984 480 1095 518 quam
1128 468 1283 518 antiqui,
1322 472 1481 508 eandem
1510 485 1622 520 quam
1650 477 1708 512 illi

95 525 194 560 viam
225 519 389 572 iugi-effi,
421 524 524 560 nulla
545 523 748 561 verbOru‘m
773 534 851 560 arte
875 520 1023 560 efficere
1046 520 1239 572 ponimus,
1268 525 1359 573 quin
1380 527 1576 564 inducatur
1601 540 1709 576 quae-

94 578 182 614 dam
208 580 352 627 ingenii
369 580 437 616 -vel
462 578 704 615 excellentiae
730 579 787 615 vel
812 578 994 615 facultatis
1017 581 1250 627 comparatio
1277 579 1347 617 live
1373 581 1584 631 contentio,
1626 595 1708 623 non

93 643 138 669 ea
156 633 311 681 quidam
331 634 474 679 illicita,
502 642 565 670 aut
589 645 709 674 nova3
738 633 871 681 quidni
899 634 1003 670 enim
1017 630 1201 684 poleus
1223 647 1294 686 pro
1318 636 1397 679 jure
1417 635 1545 674 nostro
1567 638 1704 686 (neque

95 698 146 728 eo
166 686 250 737 ipso,
265 689 341 725 alio
365 699 479 736 quarn
503 688 695 734 omnium)
716 685 742 724 fi
761 688 853 736 quid
877 687 973 739 apud
999 700 1063 725 eos
1085 700 1165 725 non
1190 690 1287 726 rec'te
1311 689 1520 738 inventum,
1550 703 1612 729 aut
1637 704 1702 742 po-

92 739 203 780 ficum
231 740 285 788 sit,
325 742 610 794 reprehendere,
649 752 711 779 aut
743 746 897 780 notare?
938 743 1010 780 Sed
1038 754 1166 780 tamen
1196 755 1386 793 utcunque
1416 746 1502 789 justa
1532 757 1594 784 aut
1624 759 1703 796 per-

92 796 208 844 missa,
237 797 489 834 nihilominus
512 796 659 834 fortasse
686 798 805 846 impar
828 810 869 835 ea
884 797 959 847 ipsa
982 798 1101 842 fuiss'et
1113 801 1318 836 contentio
1341 801 1392 837 ob
1407 802 1544 838 virium
1565 803 1703 840 nostra·

91 863 180 890 rum
199 852 371 889 modum.
430 851 503 889 Sed
529 864 616 889 cum
632 864 696 901 per
718 865 787 889 nos
810 853 903 890 illud
923 863 1062 902 agatur,
1093 864 1133 890 ut
1153 854 1221 891 alia
1237 856 1402 891 omnino
1417 857 1473 893 via
1494 856 1702 897 intellcftui

90 908 290 957 aperiatur,
316 905 388 945 illis
412 908 594 944 intentata
616 910 653 944 ὅ(
669 908 881 956 incognita3
910 918 1143 945 commutata
1166 911 1263 946 ratio
1286 909 1359 950 οὓς
1388 910 1522 948 cessant
1537 911 1698 949 studium

89 964 130 1000 &
148 971 295 1012 parres3
331 961 476 1010 nosque
500 963 634 999 indicis
656 962 929 1005 tantummodo
948 962 1144 1011 personam
1169 962 1395 1011 sustinemus,
1427 967 1531 1013 quod
1554 967 1699 1004 medio-

89 1017 164 1054 cris
187 1026 288 1054 certe
313 1017 362 1055 est
385 1017 633 1063 authoritatis,
672 1020 708 1054 ὅ(
728 1017 901 1054 fortunae
929 1018 1117 1061 cujusdam
1144 1020 1281 1069 potius,
1324 1031 1436 1068 quam
1456 1021 1637 1060 facultatis
1660 1026 1698 1062 &

89 1071 341 1121 praestantiae.
397 1071 526 1120 Atque
549 1071 639 1111 haec
654 1074 794 1108 moniti
822 1072 957 1123 species
973 1073 1016 1108 ad
1039 1072 1212 1122 personas
1228 1075 1401 1122 pertinet,
1439 1076 1551 1113 altera
1571 1077 1614 1114 ad
1641 1091 1699 1116 res

88 1126 193 1178 ipsas.
251 1129 337 1166 Nos
359 1125 539 1176 siquidem
563 1128 609 1164 de
630 1127 857 1163 exturbanda
880 1138 932 1172 ea,
962 1138 1056 1174 quae
1079 1139 1180 1163 nunc
1201 1128 1323 1175 floret,
1352 1130 1602 1179 philosophia,
1632 1144 1696 1172 aut

87 1179 116 1221 fi
140 1193 214 1231 qua
243 1183 311 1219 alia
339 1180 392 1228 fit,
428 1191 491 1219 aut
517 1183 599 1227 erit,
638 1182 705 1218 hac
735 1181 972 1218 emendatior
1002 1192 1064 1218 aut
1090 1180 1243 1228 anitior,
1280 1186 1442 1221 minime
1470 1179 1692 1225 laboramus.

88 1237 228 1284 Neque
253 1238 356 1273 enim
379 1233 561 1273 efficimus
587 1238 679 1284 quin
702 1231 937 1285 philosophia
960 1234 1021 1272 ista
1045 1246 1190 1287 recepta
1209 1239 1255 1278 ’ὃς
1279 1239 1370 1275 aliae
1396 1238 1433 1275 id
1459 1252 1587 1288 geum,
1625 1243 1693 1279 dis-

91 1289 305 1343 putationes
329 1292 442 1337 alant,
479 1291 670 1328 sermones
695 1301 847 1337 ornent,
884 1290 929 1327 acl
954 1290 1172 1341 professoria
1194 1304 1363 1340 munera,
1402 1295 1439 1330 ὃς
1462 1295 1557 1332 vitae
1577 1296 1695 1334 civilis

87 1346 315 1395 compendia
337 1346 581 1384 adhibeantur
610 1348 646 1383 ὅ(
671 1347 828 1383 valeant.
884 1347 991 1397 Quin
1014 1347 1128 1382 ctiam
1153 1344 1398 1395 fignificamus
1420 1359 1545 1400 aperte
1570 1352 1607 1388 ὅ(
1631 1351 1692 1389 de-

89 1401 271 1438 claramus
294 1412 389 1448 earn,
418 1413 531 1449 quam
547 1413 618 1437 nos
642 1401 872 1447 adducimus,
901 1399 1175 1450 philosophiam
1190 1402 1237 1438 ad
1263 1402 1340 1439 istas
1355 1415 1411 1440 res
1434 1405 1599 1442 multum
1624 1408 1694 1443 uti-

87 1457 166 1494 lem
179 1467 261 1493 non
285 1455 461 1494 futuram.
518 1458 614 1494 Non
635 1455 778 1505 praesto
797 1454 858 1501 est,
886 1467 1009 1503 neque
1028 1457 1068 1492 in
1083 1453 1237 1494 tranfitu
1260 1459 1415 1506 capitur,
1444 1471 1515 1495 nee
1529 1463 1575 1497 ex
1590 1472 1692 1512 prae-

87 1509 310 1549 notionibus
333 1511 540 1549 intelleC’tui
564 1509 764 1556 blanditur,
792 1522 862 1547 nee
877 1510 922 1546 ad
945 1511 1047 1559 vulgi
1062 1521 1224 1561 captum,
1255 1510 1322 1558 nifi
1342 1525 1406 1561 per
1427 1515 1632 1552 utilitatem
1654 1519 1692 1555 ὃς

87 1564 230 1612 effecta,
270 1565 480 1603 descendet.
539 1567 622 1604 Sint
651 1567 776 1614 itaque
805 1564 926 1614 (quod
954 1565 1042 1602 felix
1070 1564 1301 1614 faustumque
1329 1565 1371 1604 sit
1400 1570 1549 1616 utrique
1576 1573 1689 1621 parti)

84 1620 180 1658 duae
202 1621 461 1663 dostrinarum
485 1621 754 1666 emanationes,
784 1631 825 1656 ac
840 1621 933 1657 duae
953 1619 1264 1670 dispensationem
1293 1621 1386 1659 duae
1410 1621 1578 1661 fimiliter
1598 1638 1689 1662 con-

86 1676 353 1725 templantium
381 1674 451 1713 five
481 1675 830 1727 philosophantium
858 1675 975 1712 tribus
998 1685 1039 1712 ac
1053 1676 1169 1713 veluti
1183 1678 1450 1725 cognationes;
1479 1688 1589 1728 atque
1605 1681 1692 1718 illae

84 1732 306 1779 neutiquam
321 1731 419 1767 inter
434 1730 469 1767 se
484 1732 670 1777 inimicae,
692 1741 754 1767 aut
769 1731 922 1776 alienae,
944 1729 1004 1767 [εά
1018 1730 1242 1777 foederatae,
1264 1733 1301 1768 δε
1315 1734 1456 1770 mutuis
1470 1733 1612 1771 auxiliis
1627 1736 1689 1773 de-

85 1786 250 1826 vinCtae3
280 1783 322 1822 fit
336 1785 498 1835 denique
518 1787 587 1822 alia
603 1784 768 1822 scientias
789 1785 940 1822 colendi
956 1787 1063 1832 ratio,
1092 1786 1161 1822 alia
1176 1787 1405 1824 inveniendi.
1461 1788 1592 1837 Atque
1607 1792 1688 1838 qui-

84 1841 155 1878 bus
176 1842 297 1892 prima
316 1842 444 1891 potior
466 1839 515 1879 est
534 1844 570 1878 ὅ(
588 1842 785 1890 acceptior,
824 1841 876 1877 ob
891 1839 1194 1881 ,festinationenn
1231 1842 1295 1880 vel
1316 1843 1414 1880 vitae
1435 1845 1553 1881 civilis
1575 1847 1689 1883 ratio-

83 1907 164 1943 nes,
193 1896 251 1932 vel
274 1895 377 1944 quod
393 1896 497 1932 illam
521 1897 674 1932 alteram
690 1897 742 1933 ob
757 1894 1013 1932 infirmitatem
1037 1897 1176 1932 mentis
1190 1908 1320 1945 capere
1336 1899 1372 1934 ὃ(
1387 1899 1587 1950 complecti
1603 1912 1687 1938 non

85 1946 240 2000 possint,
269 1949 319 1997 (id
335 1950 438 1999 quod
453 1951 568 2000 longe
581 1951 754 2003 plurimis
767 1949 932 2003 accidere
946 1951 1087 1988 necesse
1102 1949 1184 2000 ests)
1215 1947 1389 2002 optamus
1404 1963 1444 1990 ut
1458 1952 1500 1990 iis
1515 1954 1688 2002 feliciter,

86 2008 125 2043 &
147 2016 194 2042 ex
213 2015 320 2051 voto,
349 2005 454 2053 quod
472 2015 601 2055 agunt,
629 2007 787 2052 eveniat,
816 2015 927 2054 atque
946 2015 988 2043 ut
1007 2006 1112 2055 quod
1132 2005 1336 2054 sequuntur
1350 2017 1514 2046 teneant.
1570 2010 1689 2061 Quod

85 2058 113 2098 fi
135 2061 196 2098 cui
219 2060 440 2097 mortalium
464 2061 571 2098 cordi
596 2063 633 2098 ὃς
655 2071 762 2098 curae
785 2058 838 2107 fit,
876 2070 917 2097 ut
942 2071 1024 2098 non
1046 2070 1195 2098 tantum
1219 2063 1382 2099 inventis
1404 2063 1550 2101 haereat
1574 2075 1686 2113 atque

84 2116 130 2152 iis
152 2124 289 2161 utatur,
319 2114 380 2152 sed
403 2125 444 2152 ut
465 2115 510 2152 ad
526 2117 704 2153 ulteriora
726 2125 907 2165 penetret,
943 2125 1054 2164 atque
1077 2126 1118 2153 ut
1139 2128 1218 2153 non
1241 2116 1467 2165 disputando
1489 2119 1685 2156 adversari-

81 2181 152 2207 um
180 2169 241 2207 sed
275 2181 445 2207 naturam
471 2182 584 2220 opere
611 2172 756 2212 vincat3
794 2170 958 2218 denique
986 2170 1051 2219 qui
1081 2183 1163 2208 non
1179 2171 1586 2223 belle&probabiliter
1606 2170 1690 2223 opiss

84 2225 179 2271 nari,
208 2223 269 2262 sed
291 2235 396 2262 certo
413 2227 451 2262 &
474 2224 648 2263 ostensive
663 2226 754 2263 seire
775 2227 922 2274 cupiat3
951 2227 1044 2263 tales
1070 2236 1250 2274 tanquam
1264 2228 1342 2264 veri
1366 2226 1602 2275 scientiarum
1616 2227 1685 2266 filii

70 2279 199 2317 -nobis
215 2277 254 2326 (fi
269 2280 467 2329 videbitur)
486 2279 521 2317 se
546 2281 761 2329 adjungant,
791 2290 832 2317 ut
847 2277 992 2317 omiffis
1016 2291 1169 2318 naturae
1183 2282 1297 2327 atriis,
1327 2293 1420 2329 quae
1435 2281 1573 2318 infiniti
1598 2279 1692 2320 con-⁴

83 2336 274 2381 niverunt,
303 2334 506 2382 aliquando
526 2336 571 2373 ad
586 2337 766 2373 interiora
781 2335 900 2371 aditus
927 2345 1059 2384 pateat.
1114 2334 1245 2382 Atque
1273 2345 1313 2372 ut
1342 2337 1475 2373 melius
1500 2338 1687 2387 intelliga-

82 2401 183 2436 mur,
212 2391 249 2426 &
274 2399 315 2426 ut
330 2390 423 2426 illud
446 2390 566 2440 ipsum
587 2390 691 2439 quod
713 2391 888 2428 volumus
908 2401 950 2426 ex
976 2389 1198 2427 nominibus
1211 2387 1392 2438 impositis
1412 2392 1530 2440 magis
1548 2391 1686 2429 famili-

81 2446 194 2482 ariter
215 2453 399 2490 occurrat,
427 2446 540 2483 altera
554 2447 652 2483 ratio
670 2443 741 2482 five
762 2443 831 2491 via,
859 2445 1079 2496 anticipatio
1107 2445 1257 2491 mentis,
1286 2446 1399 2481 altera
1422 2446 1684 2496 interpretatio

83 2510 248 2545 naturae,
289 2511 310 2536 a
338 2497 446 2536 nobis
473 2501 648 2550 appellari
676 2498 885 2549 consuevit.⁴
927 2499 986 2536 Est
1014 2500 1128 2536 etiam
1156 2499 1259 2547 quod
1288 2501 1494 2549 petendum
1522 2501 1681 2540 videtur.

82 2556 171 2593 Nos
192 2564 292 2591 certe
307 2555 581 2603 cogitationem
605 2554 839 2607 suscepimus,
869 2556 907 2592 &
929 2565 1056 2594 curam
1077 2553 1326 2602 adhibuimus,
1355 2565 1395 2592 ut
1418 2568 1512 2604 quae
1531 2568 1551 2593 a
1570 2557 1682 2594 nobis

81 2619 358 2660 proponentur,
387 2620 469 2646 non
488 2619 636 2647 tantum
660 2623 746 2654 vera
759 2610 885 2657 effent,
913 2608 974 2646 sed
990 2611 1104 2646 etiam
1123 2608 1169 2645 ad
1193 2611 1341 2647 animos
1358 2610 1561 2648 hominum
1579 2611 1683 2658 (licet

79 2666 187 2701 miris
201 2664 325 2701 modis
345 2674 547 2716 occupatos
561 2667 598 2702 ὅ(
612 2663 848 2713 interclusos)
870 2676 951 2701 non
966 2659 1213 2702 incommode
1227 2674 1289 2702 aut
1304 2663 1428 2717 aspere
1441 2666 1658 2703 accederent
1669 2674 1686 2707 ς’

79 2729 326 2757 veruntamen
350 2731 513 2767 aequum
532 2718 592 2766 est,
621 2729 662 2757 ut
681 2720 726 2757 ab
749 2718 967 2762 hominibus
989 2720 1245 2768 impetremus,
1274 2721 1316 2757 in
1335 2729 1440 2757 tanta
1462 2720 1678 2769 praesertim

80 2774 339 2811 doetrinarum·
360 2775 397 2811 ὅ(
425 2772 662 2811 scientiarum
685 2776 985 2824 regeneratione,
1021 2784 1064 2812 ut
1088 2775 1153 2823 qui
1175 2775 1222 2812 de
1247 2774 1345 2812 hisce
1367 2773 1500 2812 nostris
1525 2774 1677 2823 aliquid,

80 2826 152 2865 five
173 2841 217 2866 ex
241 2828 345 2866 sensu
367 2830 534 2880 proprio,
563 2827 633 2866 five
647 2841 690 2866 ex
712 2830 822 2867 turba
840 2829 1125 2876 authoritatum‚
1154 2827 1225 2866 five
1248 2841 1291 2866 ex
1313 2829 1678 2867 demonstrationum

81 2882 215 2920 formis
237 2883 344 2932 (quae
370 2895 472 2921 nunc
499 2894 678 2932 tanquam
702 2885 801 2933 leges
824 2884 1008 2933 quaedam
1032 2883 1221 2929 judiciales
1246 2884 1499 2931 invaluerunt)
1522 2884 1676 2920 statuere

80 2947 143 2976 aut
164 2938 368 2975 existimare
386 2939 500 2979 velit;
526 2950 575 2976 ne
594 2938 633 2976 id
657 2937 694 2975 se
708 2939 748 2976 in
772 2936 935 2986 tranfitu‚
966 2941 1003 2976 &
1025 2939 1127 2977 velut
1151 2939 1252 2976 aliud
1271 2940 1418 2989 agendo
1442 2939 1561 2975 facere
1575 2937 1676 2988 poffe

82 2992 228 3043 speret3
256 2992 316 3030 sed
345 3002 386 3030 ut
412 3005 493 3030 rem
516 2993 724 3045 pernoscat,
760 2995 858 3031 viam
884 2993 1058 3041 nostram,
1086 3005 1200 3042 quam
1225 2994 1466 3031 describimus
1491 2994 1528 3029 ὅ(
1552 2990 1679 3030 ιῃιιῐιίέ

82 3059 179 3094 mus,
208 3046 281 3096 ipse
303 3048 482 3097 paulatim
505 3058 650 3090 tentet3
680 3047 873 3086 subtilitati
891 3060 1029 3096 rerum,
1057 3059 1151 3097 quae
1166 3049 1206 3086 in
1221 3049 1445 3099 experientia
1459 3044 1595 3096 fignata
1613 3047 1679 3093 est,

81 3100 249 3140 assuescat
263 3114 273 3141 3
302 3102 465 3152 denique
488 3114 622 3157 pravos
636 3113 749 3153 atque
762 3104 835 3143 alte
857 3104 1050 3148 haerentes
1065 3105 1204 3142 mentis
1219 3104 1379 3148 habitus,
1409 3100 1623 3153 tempestiva
1638 3104 1676 3191 &s

200 3172 201 3175 ,
1579 3164 1651 3204 qua
1665 3164 1683 3191 i
