1973 3570
104 231 198 297 {2552

634 224 1081 274 CoolTaTa
1141 218 1240 268 ET
1289 211 1473 265 visa

271 341 365 383 quac
395 332 568 369 naturalis
596 330 862 380 philosophiae,
888 328 1023 364 aclivae
1053 324 1233 362 nimirum
1266 328 1301 361 ὃ(
1330 323 1554 376 operativae,
1578 325 1782 374 progressus
1806 331 1857 364 re-

273 398 420 424 morata
442 386 482 423 iit
504 390 539 423 ὃ(
554 387 733 422 averterit.
790 386 882 420 Eam
909 382 976 418 css'c
998 382 1220 432 opinionem
1244 378 1310 416 stre
1339 378 1633 416 aestimationem
1662 382 1859 419 humidam

274 445 310 479 ὅ(
331 441 563 487 damnosam,
589 439 709 476 minui
731 450 867 486 ncmpe
885 435 1107 481 majestatem
1130 434 1266 471 mentis
1297 435 1493 479 humanae,
1518 432 1543 470 fi
1571 436 1608 470 in
1631 438 1858 487 experimen-

273 497 319 535 tis
341 500 375 533 ἃ
393 498 497 533 rebus
514 496 803 545 particularibus,
820 491 939 529 sensui
963 489 1141 535 subjet‘iis,
1174 492 1210 526 ὅ(
1236 492 1274 526 in
1296 490 1450 525 materia
1477 491 1699 535 terminatis,
1729 492 1792 527 diu
1819 503 1860 527 ac

274 553 439 589 multum
456 551 634 588 versetur:
665 547 875 598 praesertim
893 558 979 583 cum
997 544 1209 589 hujusmodi
1229 556 1282 580 res
1298 545 1342 580 ad
1359 542 1624 591 inquirendum
1642 545 1861 592 laboriosae,

277 608 321 643 ad
354 606 611 643 meditandum
641 602 833 653 ignobiles,
864 602 909 638 ad
940 600 1143 637 dicendum
1174 599 1328 648 asperae,
1360 599 1403 634 ad
1433 599 1627 647 praclicam
1655 598 1862 646 illiberales,

277 672 439 698 numero
471 659 647 704 infinitae,
678 662 713 695 &
755 657 957 694 subtilitate
997 652 1145 704 pusillae
1174 655 1291 691 videri
1324 652 1479 699 soleant,
1515 655 1550 689 5:
1576 655 1630 690 ob
1649 654 1862 698 hujusmodi

278 715 528 761 conditiones,
549 714 687 763 gloriae
717 711 852 748 arti-um
873 712 996 746 minus
1024 707 1092 745 sint
1115 709 1432 745 accommodatae.
1487 710 1610 760 Quam
1640 708 1862 758 opinionem

279 770 349 807 lire
379 769 490 806 animi
525 766 820 817 dispositionem,
852 767 947 801 vires
976 763 1150 799 maximas
1180 761 1360 812 sumpsisse
1390 776 1432 799 ex
1461 763 1521 799 illa
1540 764 1652 800 altera
1681 763 1861 813 opinione

280 827 375 861 elata
393 828 427 861 ἅ
446 824 736 861 commentitia3
764 832 835 868 qua
851 821 982 856 verit-as
1000 819 1184 854 humanae
1201 820 1338 854 mentis
1359 819 1475 855 veluti
1500 816 1685 868 indigena,
1717 831 1787 855 nee
1803 818 1864 855 ali.-

279 880 380 915 undc
401 879 679 926 eommigrans3
724 877 759 911 <Se
790 873 912 910 sensus
940 872 1172 908 intellectum
1192 874 1307 921 magi-s
1336 872 1503 926 excitare,
1527 885 1639 921 quam
1658 873 1865 911 informare

278 934 509 970 afferebatur.
568 934 705 979 Neque
721 940 849 966 tamen
870 938 1038 964 errorem
1055 927 1167 973 hunc,
1197 929 1231 963 ὅ(
1250 927 1383 964 mentis
1401 925 1443 976 (ss
1457 939 1587 964 verum
1602 940 1747 965 nomen
1758 941 1864 979 quac-

279 986 398 1036 ratur)
425 986 689 1024 alienationem
706 985 750 1021 ab
767 985 809 1020 iis
831 984 908 1020 ulla
923 995 965 1019 ex
989 992 1091 1031 parte
1112 982 1332 1028 corr-cuam,
1348 985 1413 1032 qui
1431 981 1550 1018 sensui
1565 981 1716 1030 debitas,
1741 982 1778 1020 id
1804 982 1865 1029 est,

280 1044 417 1092 primas
432 1052 549 1091 partes
565 1042 788 1078 tribuerunt.
845 1036 947 1089 Qun
978 1040 1014 1072 ὃ(
1043 1036 1110 1073 hos
1144 1049 1294 1085 quoquc
1325 1038 1499 1086 exemplo
1528 1039 1564 1073 &
1589 1037 1687 1076 fatto
1712 1037 1791 1085 suo,
1812 1051 1865 1075 re-

283 1098 368 1135 heta
397 1097 543 1146 prorsus
580 1096 738 1133 naturali
764 1093 925 1138 historia,
955 1094 992 1128 &
1021 1091 1211 1128 mundana
1236 1093 1569 1141 perambulati—one,
1593 1093 1722 1129 omnia
1750 1091 1788 1129 in
1812 1093 1866 1130 in-

280 1151 381 1201 genii
397 1151 599 1199 agitatione
614 1149 780 1202 posuisse,
804 1151 838 1184 &
858 1150 954 1183 inter
970 1142 1182 1195 opaeissima
1203 1149 1341 1183 mentis
1373 1148 1474 1184 idola
1497 1146 1562 1183 sub
1591 1146 1755 1196 specioso
1778 1160 1866 1185 con-

281 1195 538 1258 templationis
558 1209 593 1243 ὅ(
610 1204 852 1242 rationalium
868 1204 1026 1239 nomine
1043 1212 1224 1252 perpetuo
1240 1202 1427 1238 volutasse.
1484 1203 1609 1253 Quare
1621 1202 1740 1239 visum
1756 1202 1803 1239 est
1819 1204 1866 1249 ci,

276 1261 372 1298 istud
388 1275 512 1299 rerum
532 1258 812 1312 particularium
835 1256 1033 1309 repudium
1058 1259 1092 1292 δὲ
1109 1257 1317 1294 divortium
1334 1256 1462 1293 omnia
1485 1259 1525 1294 in
1542 1255 1680 1294 familia
1704 1257 1869 1295 humana

277 1317 446 1355 turbasse.

336 1372 438 1409 Coe
452 1383 618 1410 ITAVIT
643 1373 679 1408 ὃ(
695 1369 801 1415 illud,
825 1381 905 1405 non
926 1376 1074 1404 tantum
1096 1380 1138 1403 ex
1159 1365 1213 1412 iis,
1243 1378 1335 1414 quae
1357 1366 1515 1412 obstant,
1532 1367 1787 1409 conjecturam
1814 1380 1869 1405 ca-

278 1425 454 1478 piendam
466 1445 479 1470 5
510 1427 588 1463 fieri
604 1424 836 1473 enimposs'e,
856 1434 897 1460 ut
927 1422 1084 1458 humani
1106 1421 1247 1470 generis
1268 1422 1419 1458 fortuna
1448 1423 1526 1458 istas
1549 1418 1798 1469 difficultateS,
1831 1425 1870 1461 &

277 1480 424 1519 vincula
440 1482 652 1532 perfregerit
669 1483 705 1516 ὅ(
724 1478 961 1528 superaverit.
1019 1477 1150 1524 Itaque
1172 1477 1262 1512 illud
1282 1476 1487 1527 videndum
1512 1489 1553 1513 ae
1573 1477 1723 1528 penitus
1749 1479 1869 1515 intro*

278 1535 522 1585 spiciendum,
545 1536 661 1587 qualis
675 1532 717 1570 fit
738 1546 777 1571 ea
799 1531 1032 1582 philosophia
1056 1544 1150 1579 quae
1175 1542 1321 1582 recepta
1350 1529 1404 1571 fit,
1427 1542 1489 1569 aut
1518 1534 1587 1568 alia
1603 1531 1796 1581 quaepiam
1825 1546 1869 1571 ex

278 1589 454 1639 antiquis,
469 1590 684 1640 quaeinstar
699 1590 845 1626 tabulae
861 1586 1041 1636 naufragii
1069 1587 1114 1623 ad
1138 1588 1265 1624 littora
1296 1586 1416 1623 nostra
1445 1586 1602 1636 impulsa
1628 1585 1682 1624 fit.
1738 1587 1871 1639 Atque

277 1644 436 1692 invenit,
465 1645 743 1697 philosophiam
773 1644 994 1688 naturalem,
1033 1654 1146 1689 quam
1185 1655 1206 1679 a
1238 1641 1399 1679 Graecis
1423 1641 1641 1693 accepimus,
1670 1642 1871 1694 pueritiam

278 1701 471 1750 quandam
491 1701 663 1738 scientiae
688 1698 854 1736 censeri:
884 1708 994 1746 atque
1015 1697 1148 1734 habere
1177 1698 1214 1734 id
1244 1698 1347 1745 quod
1373 1699 1569 1748 proprium
1583 1709 1785 1746 puerorum
1809 1699 1871 1746 est,

278 1765 324 1792 ut
338 1756 383 1793 ad
404 1755 644 1805 garriendum
659 1764 848 1807 prompta,
870 1753 915 1790 ad
931 1752 1186 1801 generandum
1209 1751 1379 1789 inhabilis
1409 1754 1443 1788 ὅ(
1473 1752 1672 1789 immatura
1687 1751 1740 1790 fit.
1795 1754 1872 1791 Hu-

275 1809 335 1857 jus
354 1821 481 1848 autem
496 1811 759 1861 philosophiae
780 1811 853 1855 'fam
868 1806 1050 1846 consensu
1065 1809 1273 1860 principem
1290 1804 1549 1857 Aristotelem,
1581 1807 1715 1845 intaeta
1729 1808 1805 1845 fere
1829 1820 1871 1846 ac

282 1865 426 1902 illibata
446 1877 589 1912 natura,
611 1865 649 1902 in
669 1863 936 1902 communibus
955 1864 1193 1909 notionibus,
1216 1873 1327 1911 atque
1351 1875 1479 1899 earum
1501 1864 1597 1900 inter
1619 1863 1653 1900 se
1682 1875 1872 1913 compara-

280 1919 401 1967 tione,
426 1920 621 1958 collisione
650 1923 686 1957 &
709 1919 928 1956 reductione
957 1918 1140 1955 inutiliter
1164 1917 1349 1955 versatum
1367 1917 1447 1954 ess'e.
1503 1920 1641 1967 Neque
1669 1917 1754 1955 fane
1774 1917 1873 1968 quic-

277 1987 396 2022 quam
413 1975 519 2013 solidi
536 1977 580 2013 ab
600 1989 647 2013 eo
672 1975 821 2025 sperari,
842 1975 909 2022 qui
925 1974 1041 2010 etiam
1055 1973 1242 2010 mundum
1259 1986 1279 2010 e
1295 1971 1488 2022 categoriis
1502 1972 1677 2011 effecerit.
1733 1974 1873 2012 Parum

277 2028 577 2077 *eniminteresse
605 2041 733 2068 utrum
761 2028 843 2078 quis
872 2029 1083 2074 materiam,
1107 2028 1326 2065 formam&
1354 2029 1617 2077 privationem,
1649 2041 1695 2066 an
1717 2027 1874 2066 substan-

277 2085 386 2130 tiam,
410 2085 625 2133 qualitatem
643 2087 679 2122 &
697 2086 920 2122 relationem
937 2083 1118 2133 principia
1135 2096 1258 2120 rerum
1277 2082 1440 2135 posuerit
1458 2097 1465 2119 :
1495 2095 1628 2120 verum
1643 2084 1715 2120 istis
1734 2083 1873 2121 sermo-

278 2139 393 2176 nibus
415 2140 637 2189 supersederi
655 2150 843 2192 oportere.
901 2141 1004 2175 Nam
1021 2140 1057 2174 ὅ(
1078 2137 1206 2183 justam
1220 2139 1525 2176 confutationem
1547 2136 1739 2176 instituere
1767 2137 1874 2188 (cum

280 2206 407 2241 neque
422 2196 468 2231 de
483 2196 688 2245 principiis,
712 2207 781 2231 nec
797 2194 843 2232 de
868 2192 1233 2231 demonstrationum
1258 2194 1382 2231 modis
1400 2191 1616 2241 conveniat)
1640 2192 1876 2231 immemoris

282 2248 365 2286 effe.
425 2251 473 2286 Et
488 2249 610 2287 rursus
624 2249 822 2287 hominem
837 2259 981 2286 tantam
997 2249 1265 2286 authoritatem
1287 2251 1323 2285 &
1344 2249 1420 2286 fere
1441 2248 1662 2285 miraturum
1689 2247 1728 2286 in
1755 2248 1874 2299 philo-

280 2303 412 2355 sophia
433 2305 624 2356 adeptum,
662 2317 727 2357 pet·
756 2303 915 2353 satyram
948 2302 1222 2354 praestringere,
1250 2303 1362 2341 levius
1392 2315 1462 2354 pro
1487 2302 1667 2352 dignitate
1693 2303 1877 2342 sermonis

282 2358 451 2406 instituti,
481 2362 517 2397 ὃ(
537 2370 665 2397 tamen
696 2359 894 2409 superbum
914 2358 1007 2395 fore.
1064 2360 1175 2396 Illum
1209 2358 1304 2403 sane,
1346 2358 1540 2395 dialefficis
1576 2358 1795 2406 rationibus,
1821 2370 1876 2398 ut-

282 2423 371 2464 pote
390 2427 410 2451 a
432 2415 465 2451 se
488 2414 609 2465 (quod
626 2414 701 2465 ipse
729 2417 902 2452 licentius
929 2412 1122 2462 gloriatur)
1151 2412 1331 2459 oriundis,
1361 2414 1570 2450 naturalem
1598 2413 1880 2463 philosophiam*

282 2468 492 2520 corrupifl'e.
550 2471 695 2507 Verum
714 2480 755 2508 ut
774 2470 883 2506 illum
905 2468 1109 2514 mittamus,
1131 2466 1340 2505 Platonem
1355 2470 1480 2504 virum
1508 2466 1583 2505 stne
1602 2469 1722 2505 dubio
1737 2467 1877 2506 altioris

288 2520 430 2570 ingenii
448 2523 576 2565 fuisse}
606 2535 646 2562 ut
662 2527 778 2573 qui&
793 2524 1004 2561 formarum
1024 2524 1286 2572 cognitionem
1307 2524 1481 2568 ambiret,
1505 2525 1542 2559 δε
1570 2522 1789 2560 inductione
1810 2536 1877 2573 per

283 2576 413 2613 omnia
438 2577 537 2626 (non
560 2581 605 2617 ad
628 2581 811 2631 principia
836 2581 1005 2627 tantum)
1036 2588 1227 2615 uteretur:
1259 2578 1330 2614 Sed
1347 2577 1474 2615 inutili
1489 2576 1689 2626 utrobique
1718 2580 1879 2626 ratione,

283 2643 374 2667 cum
398 2633 635 2671 inductiones
655 2647 771 2684 vagas,
793 2634 936 2670 formas
950 2633 1140 2670 abstraetas
1160 2632 1346 2682 prensaret
1363 2635 1398 2669 a&
1416 2634 1608 2684 reciperet.
1662 2632 1792 2681 Atque
1808 2633 1879 2671 hu·-

286 2687 344 2732 jus
363 2686 574 2735 philosophi
600 2688 623 2725 st
647 2692 730 2738 quis
745 2690 921 2726 attentius
942 2691 978 2725 δί
998 2686 1127 2738 scripta
1144 2690 1180 2724 &
1196 2700 1323 2724 mores
1338 2685 1559 2734 confideret,
1579 2699 1666 2724 eum
1693 2688 1739 2724 de
1756 2688 1879 2740 philo-

288 2740 418 2790 sophia
444 2745 600 2779 naturali
629 2756 708 2781 non
732 2744 941 2781 admodum
968 2742 1158 2780 solicitum
1193 2743 1297 2780 fuisse
1329 2742 1495 2791 reperiet,
1526 2740 1593 2778 nisi
1622 2752 1805 2790 quatenus
1832 2744 1880 2781 ad

288 2794 503 2847 philosophi
532 2808 676 2835 nomen
706 2802 742 2837 ὅς
770 2799 1027 2836 celebritatem
1050 2798 1243 2844 tuendam,
1277 2799 1334 2834 vel
1365 2798 1409 2834 ad
1438 2795 1661 2841 majestatem
1691 2798 1882 2844 quandam

287 2850 493 2888 moralibus
514 2852 549 2887 ὃ(
563 2850 728 2891 civilibus
744 2854 926 2890 doctrinis
943 2853 1153 2890 addendam
1171 2855 1206 2889 ὃ(
1223 2852 1512 2902 adspergendam
1533 2848 1725 2888 sufficeret.
1783 2854 1882 2891 Eun-

291 2906 381 2942 dem
402 2916 569 2942 naturam
591 2918 669 2942 non
697 2907 821 2945 minus
840 2907 1045 2957 theologia,
1072 2916 1186 2956 quam
1206 2904 1454 2956 Aristotelem
1482 2906 1671 2943 dialectiea
1704 2905 1853 2945 inficere
1872 2922 1881 2945 :

291 2962 342 3006 ἃ,
365 2959 390 2997 fi
406 2973 536 2997 verum
551 2961 756 2998 dicendum
773 2962 832 3009 est,
857 2974 935 3000 tam
952 2975 1068 3012 prope
1086 2963 1130 3000 ad
1147 2967 1292 3015 poetae,
1321 2973 1433 3012 quam
1453 2961 1517 2997 illc
1539 2961 1583 2997 ad
1614 2959 1787 3010 sophistae
1802 2974 1882 3013 par-

292 3024 346 3052 tes
374 3016 561 3052 accedere.
617 3015 747 3064 Atque
778 3016 916 3054 horum
945 3018 1074 3066 placita
1103 3030 1145 3054 ex
1171 3016 1251 3067 ipfis
1277 3015 1443 3053 fontibus
1469 3015 1613 3052 haurire
1645 3017 1765 3062 licere,
1793 3029 1882 3054 cum

289 3081 402 3120 opera
412 3082 545 3107 eorum
561 3070 710 3107 exstent.
743 3070 995 3118 Reliquorum
1012 3084 1114 3119 ver0,
1126 3070 1388 3122 Pythagorae,
1399 3067 1655 3120 Empedoclis,
1669 3068 1882 3121 Heracliti,

288 3123 563 3178 Anaxagorae,
574 3123 813 3174 Democriti,
832 3123 1099 3174 wrmemdz's,
1115 3124 1376 3176 Xenophanis,
1398 3128 1434 3164 δε
1449 3124 1623 3174 aliortun,
1634 3125 1814 3164 diversam
1829 3138 1884 3164 ra-

1206 3191 1227 3231 3
1735 3181 1884 3219 tionem
