1973 3570
114 321 210 381 296

332 311 842 361 DESCRIPTIO
878 309 1124 357 GLOBI
1160 307 1796 358 INTELLECTUAL.

290 415 387 454 hanc
403 415 479 453 vim
500 413 623 460 habet,
647 422 688 449 ut
708 413 876 461 planetae
911 413 947 448 δε
988 410 1108 448 stellae
1142 407 1315 459 singulae,
1358 419 1471 457 atque
1508 409 1619 448 etiam
1651 410 1740 451 aliae
1777 416 1887 454 innu-

292 483 428 517 merae,
453 480 546 518 quae
567 467 807 516 conspeetum
828 466 996 504 nostrum
1012 466 1064 502 ob
1087 465 1296 502 distantiam
1324 464 1486 513 fugiunt,
1507 478 1658 504 necnon
1678 470 1770 506 aliae
1794 482 1888 518 quae

293 524 404 563 nobis
441 524 525 562 sunt
558 521 740 561 invisibles
777 532 928 574 propter
957 531 1130 558 naturam
1168 532 1249 557 non
1276 521 1466 556 lucentem
1501 520 1563 557 sed
1600 534 1766 571 opacam,
1803 525 1889 563 suos

290 592 459 631 quaeque
483 577 631 615 sortitae
660 578 807 627 globos,
836 579 872 614 ὃ(
892 576 1032 614 formas
1052 574 1253 627 primariaS,
1282 587 1345 626 per
1369 573 1631 624 expansionem
1654 576 1755 615 istam
1775 592 1890 628 quam

292 635 507 685 suspicimus
536 632 770 680 immensam,
812 630 882 670 sive
910 633 1014 669 vacui
1056 629 1128 669 slve
1157 629 1325 679 corporis
1353 630 1543 675 cujusdam
1572 634 1694 669 tenuis
1735 635 1772 671 ὅ(
1812 635 1890 673 fere

294 688 498 741 adiapliori,
527 698 705 736 tanquam
736 686 875 724 insulae
915 688 956 723 in
1002 687 1136 736 pelago
1165 683 1355 722 immenso
1383 685 1597 736 spargantur
1626 689 1663 724 &
1689 689 1890 737 pendeant,

294 756 405 793 atque
448 744 554 794 super
593 752 766 779 centrum
807 753 887 778 non
930 753 1137 778 commune
1178 739 1343 788 aliquod,
1387 740 1449 776 sed
1485 753 1653 789 quaeque
1694 743 1798 792 globi
1835 745 1890 783 sui

293 801 436 849 proprii
465 799 622 837 volent3
665 797 758 833 aliae
787 794 1012 845 simpliciter,
1054 796 1145 831 aliae
1184 806 1271 831 cum
1302 805 1412 831 motu
1441 798 1633 833 nonnullo
1660 800 1778 835 centri
1806 811 1891 850 pro·

293 851 466 903 gressivo.
531 851 660 900 Atque
689 851 783 887 illud
813 852 974 886 maxime
1003 850 1141 886 durum
1170 848 1217 884 est
1246 850 1286 885 in
1314 850 1381 886 hae
1409 849 1588 899 opinione
1617 853 1720 899 quod
1748 855 1892 892 tollunt

292 908 459 959 quietem
488 904 559 943 five
589 904 788 941 immobile
817 917 836 940 c
864 914 1007 942 natura.
1077 903 1238 941 Videtur
1275 914 1413 950 autem,
1455 907 1779 953 quemadmodum
1806 908 1893 946 sunt

293 965 334 999 in
363 960 537 999 universo
566 972 724 1009 corpora
754 971 847 1008 quac
878 970 1015 1006 rotant,
1044 956 1081 996 id
1111 958 1170 1005 est,
1212 969 1322 996 motu
1352 959 1524 1000 feruntur
1554 960 1704 999 infinito
1747 965 1783 999 ὅ(
1812 975 1893 1013 per-

294 1028 410 1066 petuo
429 1034 440 1058 ;
490 1015 539 1052 ita
575 1017 612 1051 δε
654 1027 696 1051 ex
725 1012 899 1064 opposito
940 1014 1075 1051 debere
1104 1013 1173 1051 effe
1209 1025 1344 1065 corpus
1371 1015 1537 1062 aliquod,
1572 1014 1674 1061 quod
1708 1018 1894 1068 quiescat:

295 1073 430 1120 quibus
451 1071 705 1120 interponitur
733 1070 857 1106 media
882 1080 1012 1106 natura
1037 1081 1171 1106 corum
1194 1081 1288 1117 quae
1308 1057 1480 1106 ferun‘tur
1515 1072 1622 1117 recia,
1657 1083 1744 1109 cum
1766 1083 1896 1112 motus

299 1128 417 1164 reEtuS
437 1125 600 1177 partibus
616 1125 821 1174 globorum
842 1127 1057 1171 conveniat,
1088 1127 1124 1161 ὃ(
1140 1124 1247 1160 rebus
1270 1125 1502 1162 exulantibus
1529 1137 1628 1162 extra
1655 1126 1786 1177 patrias
1803 1128 1895 1176 suas,

295 1194 390 1229 quae
406 1182 451 1218 ad
475 1181 611 1230 globos
627 1178 946 1216 connaturalitatis
962 1179 1044 1216 suae
1060 1189 1229 1224 movent,
1259 1189 1299 1216 ut
1316 1191 1404 1215 cum
1421 1178 1461 1216 iis
1483 1182 1607 1218 unitae
1624 1181 1719 1230 ipsae
1739 1195 1895 1232 quoque

297 1247 361 1274 aut
382 1246 508 1273 rotent
528 1245 591 1272 aut
619 1234 819 1283 quiescant.
877 1236 1021 1273 Verum
1047 1235 1134 1271 huic
1160 1233 1361 1282 quaestioni
1398 1233 1553 1285 (nempe
1587 1249 1632 1273 an
1655 1234 1695 1274 sit
1722 1236 1893 1288 systema)

295 1292 412 1329 finem
434 1291 576 1328 dabunt
598 1302 639 1327 ea
661 1302 755 1338 quae
788 1289 885 1326 circa
915 1300 1066 1326 motum
1082 1299 1214 1335 terrae,
1238 1301 1285 1325 an
1309 1288 1444 1326 seilicet
1468 1300 1565 1326 terra
1592 1291 1657 1328 stet
1680 1302 1743 1329 aut
1769 1298 1896 1331 rotet?

296 1347 427 1394 Atque
442 1348 538 1382 circa
554 1345 789 1382 substantiam
805 1344 997 1391 astrorum,
1022 1357 1069 1381 an
1090 1342 1130 1380 sit
1161 1343 1276 1379 solida
1308 1354 1368 1380 aut
1399 1345 1582 1391 flammea,
1617 1350 1652 1383 ἃ
1667 1345 1762 1384 cirea
1775 1349 1898 1386 aethe-

296 1414 336 1438 ra
359 1400 429 1438 five
455 1401 565 1450 spatia
587 1402 684 1437 coeli
713 1397 973 1444 interstellaria,
1002 1412 1048 1436 an
1078 1397 1147 1434 sint
1175 1410 1356 1446 corporea
1384 1409 1447 1435 aut
1474 1411 1596 1446 vacua,
1627 1401 1776 1439 decerni
1792 1414 1897 1452 pote-

296 1467 395 1494 runt.
454 1458 556 1493 Nam
572 1453 595 1490 fi
611 1466 707 1491 terra
721 1455 785 1491 stet
809 1457 843 1490 ἃ
869 1453 964 1490 coeli
991 1464 1101 1489 motu
1116 1451 1253 1489 diurno
1277 1455 1628 1502 circumvolvantur,
1648 1457 1900 1505 proculdubio

297 1511 346 1548 est
361 1510 533 1559 systema3
564 1510 667 1557 quod
689 1507 712 1544 si
730 1519 828 1545 terra
858 1518 970 1552 rotet,
995 1519 1124 1544 tamen
1158 1519 1241 1544 non
1266 1507 1414 1557 prorsus
1435 1510 1621 1546 evincitur
1644 1524 1725 1549 non
1755 1512 1824 1550 effe
1845 1513 1897 1563 sy-

296 1566 419 1612 stema,
448 1575 647 1614 propterea
661 1564 765 1612 quod
786 1562 883 1599 aliud
904 1559 1016 1612 pollit
1032 1564 1125 1613 poni
1149 1573 1324 1600 centrum
1348 1562 1557 1611 systematis,
1574 1565 1743 1604 videlieet
1759 1568 1814 1605 sol
1834 1581 1897 1608 aut

296 1620 394 1657 aliud
410 1618 610 1671 quippiam.
667 1617 819 1665 Rursus,
849 1617 873 1655 si
894 1620 1025 1655 unicus
1047 1618 1181 1668 globus
1197 1628 1315 1655 terrae
1345 1615 1386 1654 six
1407 1618 1539 1656 densus
1571 1622 1606 1657 δί
1622 1620 1771 1670 solidus,
1797 1625 1897 1662 vide-

297 1687 359 1713 tur
379 1674 531 1712 materia
547 1672 703 1711 universi
719 1675 824 1711 coire
842 1676 878 1710 ὃς
898 1672 1041 1710 densari
1061 1674 1106 1710 ad
1122 1683 1295 1709 centrum
1312 1673 1405 1709 illud
1422 1687 1432 1714 ς
1475 1676 1578 1722 quod
1604 1673 1630 1712 si
1658 1676 1898 1718 inveniantur

297 1729 386 1769 luna
405 1740 467 1767 aut
482 1728 541 1766 alii
557 1742 599 1766 ex
615 1727 770 1778 planetis
791 1729 954 1765 constare
985 1730 1100 1765 etiam
1121 1741 1163 1765 ex
1191 1729 1346 1765 materia
1374 1728 1486 1765 densa
1515 1732 1549 1766 δ(
1577 1729 1704 1778 solida,
1722 1734 1898 1772 videntur

298 1797 344 1823 ex
365 1798 412 1822 eo
429 1784 527 1822 coire
542 1784 653 1821 densa
668 1797 748 1821 non
764 1784 808 1820 ad
825 1794 999 1822 centrum
1014 1783 1179 1834 aliquod,
1201 1783 1261 1820 sed
1292 1781 1443 1833 sparsim
1459 1786 1494 1820 ὅ(
1510 1783 1608 1831 quasi
1620 1786 1791 1825 fortuito.
1826 1789 1898 1830 1³0-

297 1840 445 1885 stremo,
470 1838 495 1876 si
513 1849 675 1890 ponatur
690 1851 849 1877 vacuum
877 1849 1137 1876 coacervatum
1167 1840 1205 1875 in
1239 1837 1357 1890 spatiis
1386 1837 1696 1889 interstellaribus,
1725 1841 1898 1883 videntur

298 1897 403 1945 globi
419 1893 551 1944 singuli
575 1895 709 1931 habere
733 1895 828 1930 circa
857 1893 892 1930 se
918 1891 1068 1931 effluvia
1090 1895 1263 1930 tenuiora
1284 1896 1320 1929 &
1340 1892 1475 1931 deinde
1502 1901 1673 1933 vacuum;
1725 1899 1843 1951 Quod
1871 1898 1899 1937 si

297 1950 335 1986 δε
353 1952 415 1987 illa
431 1948 539 1999 spatia
555 1961 712 2000 corpote
730 1950 930 1998 replentur,
952 1948 1097 1986 videtur
1113 1947 1182 1985 effe
1203 1950 1300 1985 unio
1312 1948 1518 1986 densorum
1547 1951 1588 1987 in
1608 1951 1750 1999 medio,
1778 1956 1816 1991 &
1843 1967 1899 1992 re-

297 2004 411 2051 jeeiio
433 2006 653 2041 tenuiorum
670 2005 715 2041 ad
730 2003 1084 2041 circumferentiam.
1141 2005 1355 2040 Plurimum
1384 2014 1509 2040 autem
1538 2006 1685 2044 confert
1709 2009 1755 2045 ad
1783 2009 1899 2047 scien-

297 2059 376 2107 tias,
394 2059 496 2097 noss'e
512 2058 797 2108 conjugationes
812 2060 1083 2107 quaestionum,
1107 2069 1304 2108 propterea
1319 2060 1422 2107 quod
1447 2061 1486 2096 in
1508 2061 1691 2109 aliquibus
1705 2064 1898 2102 invenitur

299 2114 443 2152 historia
466 2113 536 2151 sive
572 2113 726 2151 materia
759 2113 943 2151 induciiva
971 2116 1017 2151 ad
1045 2127 1102 2151 eas
1131 2113 1368 2160 dirimendas,
1402 2115 1442 2150 in
1475 2113 1654 2163 aliquibus
1682 2129 1762 2155 non
1790 2121 1896 2157 item.

299 2171 406 2207 Dato
420 2182 511 2207 vero
530 2168 720 2217 systemate
743 2171 914 2221 proxime
931 2168 1069 2207 accedit
1085 2169 1250 2217 quaestio
1269 2181 1310 2205 ea
1329 2169 1498 2216 secunda,
1530 2171 1633 2219 quod
1663 2170 1704 2209 sit
1720 2184 1897 2212 centrum

299 2223 523 2273 systematis?
566 2225 774 2262 Enimvero
798 2222 822 2260 fi
851 2226 983 2273 aliquis
1017 2237 1060 2261 ex
1084 2225 1207 2274 globis
1236 2225 1363 2261 locum
1398 2223 1516 2261 centri
1543 2237 1724 2276 occupare
1752 2229 1898 2276 debeat,

304 2289 508 2317 occurrunt
531 2278 636 2328 globi
656 2278 838 2329 imprimis
854 2280 945 2325 duo,
968 2282 1032 2329 qui
1063 2290 1233 2316 naturam
1259 2279 1374 2316 medii
1399 2277 1468 2316 sive
1487 2283 1606 2317 centri
1635 2283 1818 2330 praeferre
1846 2286 1899 2323 vi-

301 2336 458 2381 dentur,
484 2344 579 2371 tetra
594 2336 629 2370 &
646 2333 712 2371 sol.
771 2335 846 2371 Pro
862 2345 958 2371 terra
981 2334 1226 2384 suffragantur
1243 2334 1403 2383 aspectus
1432 2335 1554 2371 noster
1582 2339 1618 2372 &
1638 2339 1840 2376 inveterata
1857 2351 1898 2377 0-

306 2388 425 2438 pinio,
448 2400 557 2438 atquc
578 2389 671 2426 illud
688 2391 866 2426 omnium
886 2389 1057 2438 maxime,
1087 2390 1191 2438 quod
1217 2401 1306 2426 cum
1321 2388 1432 2426 densa
1460 2391 1593 2427 coe'ant
1622 2389 1660 2428 in
1689 2394 1897 2443 angustum,

302 2456 380 2480 rara
402 2446 441 2481 in
458 2445 575 2481 latum
601 2443 876 2490 diffundantur,
903 2444 1001 2494 (area
1015 2454 1142 2481 autem
1169 2442 1293 2480 omnis
1320 2442 1445 2481 circuli
1475 2446 1715 2485 contrahatur
1743 2448 1788 2485 ad
1811 2460 1898 2486 cen—

300 2500 417 2546 trum)
439 2499 585 2535 videtur
608 2498 709 2550 sequi
729 2497 828 2547 quasi
849 2499 1058 2545 neccffario,
1081 2509 1121 2536 ut
1149 2497 1331 2548 angustiae
1350 2498 1444 2536 circa
1473 2501 1644 2538 medium
1672 2503 1807 2540 mundi
1835 2504 1900 2542 sta-

301 2563 467 2599 tuantur,
488 2564 530 2590 ut
555 2556 728 2605 proprius
752 2555 856 2591 locus
879 2557 914 2591 ὃς
939 2565 1115 2605 tanquam
1136 2553 1267 2590 unicus
1294 2555 1339 2591 ad
1370 2566 1530 2603 corpora
1553 2555 1674 2593 denia.
1728 2558 1805 2596 Pro
1818 2558 1898 2597 sole

302 2618 430 2644 autem
450 2609 536 2645 facit
558 2607 653 2646 ratio
671 2607 744 2655 illa,
768 2609 873 2657 quod
892 2611 995 2652 cujus
1023 2620 1142 2659 partes
1170 2609 1254 2645 sunt
1276 2611 1316 2645 in
1346 2610 1536 2657 systemate
1564 2609 1745 2648 maximae
1767 2615 1804 2649 ὅ(
1831 2626 1899 2665 po-

301 2658 473 2708 tissiniae,
490 2664 523 2698 ci
546 2665 572 2698 is
588 2664 692 2701 locus
712 2660 882 2712 affignati
897 2665 1040 2711 debeat,
1057 2677 1099 2701 ex
1115 2676 1193 2713 quo
1215 2663 1288 2713 ipse
1317 2666 1357 2701 in
1373 2664 1588 2702 universum
1609 2665 1758 2714 systema
1783 2671 1898 2706 maxi-

302 2729 366 2754 me
390 2729 497 2766 agerc
514 2719 549 2754 δε
565 2717 598 2753 se
617 2718 897 2756 communicare
911 2716 1035 2769 pollit.
1095 2719 1262 2772 Quando
1278 2731 1369 2756 vero
1399 2721 1429 2756 is
1450 2717 1490 2756 sit
1524 2719 1590 2765 sol,
1615 2720 1678 2768 qui
1705 2723 1897 2761 mundum

302 2771 485 2809 vivificare
499 2772 707 2820 plurimum
726 2774 906 2820 videatur,
932 2773 1185 2826 impertiendo
1200 2775 1365 2811 calorem
1395 2777 1431 2811 ὅ(
1458 2775 1603 2814 lucem3
1646 2777 1716 2813 rite
1731 2780 1899 2816 omnino

305 2836 416 2878 atquc
440 2825 573 2863 ordine
602 2827 717 2863 videri
752 2825 864 2878 polilt
888 2831 1093 2867 collocatus
1122 2829 1161 2866 in
1187 2828 1315 2866 medio
1338 2827 1483 2866 mundi.
1538 2828 1696 2867 Accedit
1724 2833 1761 2869 ὅ(
1790 2833 1900 2881 illud,

301 2882 405 2929 quod
428 2880 482 2918 sol
504 2880 691 2918 manifeste
707 2882 837 2920 habeat
853 2884 1079 2922 ass'ectatores
1103 2885 1286 2924 Venerem
1306 2886 1341 2920 ὃς
1354 2882 1603 2930 Mercurium,
1620 2886 1739 2922 etiam
1761 2898 1804 2923 ex
1819 2886 1897 2925 sen-

302 2935 419 2973 tentia
441 2931 629 2986 Tychom's
644 2938 807 2985 planetas
823 2940 988 2988 reliquos
1003 2952 1013 2980 3
1041 2940 1137 2977 adeo
1151 2949 1192 2976 ut
1208 2941 1317 2988 plane
1332 2938 1497 2976 videatur
1517 2937 1571 2975 sol
1587 2941 1706 2976 centri
1721 2951 1896 2980 naturam

304 2990 478 3029 sustinete
493 2990 605 3040 poss'e,
630 2993 667 3028 δε
686 2990 780 3028 vices
799 3005 926 3041 gerere
955 2996 995 3030 in
1024 2994 1232 3043 aliquibus3
1275 3006 1323 3031 eo
1348 2991 1498 3045 propius
1527 2994 1634 3041 abest,
1668 3006 1709 3032 ut
1739 2996 1900 3035 univerfi

302 3056 476 3082 centrum
492 3044 664 3083 constitui
678 3042 812 3097 possit;
841 3060 934 3096 quae
950 3047 1149 3100 Copernici
1162 3049 1310 3086 assertio
1325 3048 1408 3085 fuit.
1466 3048 1725 3087 Veruntamen
1740 3049 1779 3088 in
1795 3051 1899 3101 syste-

305 3111 404 3137 mate
421 3099 620 3152 Copernici
651 3102 770 3138 multa
805 3104 841 3138 δε
875 3114 1011 3150 magna
1034 3102 1278 3142 inveniuntur
1299 3103 1566 3143 incommoda3
1609 3116 1699 3141 narn
1727 3108 1765 3142 &
1792 3106 1899 3153 quod

302 3155 438 3205 triplici
463 3166 575 3192 motu
603 3166 742 3193 terram
777 3158 958 3202 oneravit,
991 3156 1285 3195 incommodum
1315 3169 1510 3207 magnum,
1540 3160 1577 3195 &
1603 3159 1707 3207 quod
1734 3160 1855 3198 solem
1878 3173 1901 3198 a

303 3221 415 3249 coetu
438 3212 671 3261 planetarum
700 3209 856 3259 divulsit,
880 3223 971 3267 cum
995 3214 1133 3263 quibus
1161 3222 1219 3251 tot
1247 3212 1357 3251 habet
1380 3209 1567 3265 passiones
1598 3225 1834 3261 communes,
1859 3214 1898 3252 st-

1760 3268 1901 3307 militer
