1973 3570
105 194 200 258 358
474 189 1149 238 DESAP1ENT1A
1202 190 1665 237 VETERUM.

275 299 366 326 nere
383 285 483 340 quasi
495 286 712 334 subdititiae,
740 286 947 337 garrulitate
960 299 1048 325 vero
1068 286 1255 325 interdum
1274 288 1467 333 jucundae,
1492 286 1679 324 interdum
1706 288 1879 325 molestae

281 346 319 381 ὅ(
334 342 579 396 importunae.

424 471 467 516 7.
503 454 576 499 PE
592 469 617 498 R
632 469 649 497 s
666 469 687 497 E
701 468 729 497 U
744 467 775 508 S,
801 452 897 516 five
921 450 1104 498 Bellum.
1141 450 1200 496 V.
1227 449 1333 498 Lib.
1353 451 1408 497 ΙΙ.
1433 452 1485 498 de
1505 451 1738 516 Augmmt.

335 563 547 600 Pmsnus
566 560 720 598 traditur
746 559 848 598 suill'e
878 574 899 597 a
923 558 1094 599 ‘Pallade
1121 559 1243 598 miffus
1273 561 1316 597 ad
1337 560 1634 597 obtruncandam
1662 557 1879 610 spledusam,

281 630 377 670 quae
395 615 540 669 populis
560 614 725 668 plurimis
743 617 787 653 ad
815 615 1050 653 occidentem
1079 616 1116 653 in
1135 615 1304 653 extremis
1319 612 1506 652 Hiberiae
1525 614 1687 666 partibus
1703 614 1884 651 maximae

284 673 484 711 calamitati
512 670 593 709 fuit.
649 671 862 709 Monstrum
891 673 995 707 enim
1023 671 1096 708 hoc
1124 682 1202 708 tam
1234 672 1359 707 dirum
1388 680 1497 718 atque
1528 670 1760 706 horrendum
1798 668 1884 715 fuit,

284 737 327 765 ut
341 726 484 777 aspectu
507 726 591 763 solo
604 724 778 763 homines
801 728 840 762 in
860 725 939 762 saxa
957 735 1128 763 verteret.
1183 727 1270 762 Erat
1291 735 1415 762 autem
1443 737 1463 761 e
1493 721 1729 775 Gorgonibus
1757 735 1830 761 una
1845 735 1887 760 ac

287 781 364 819 sola
392 781 563 818 mortalis
578 777 767 831 Medusa3
794 792 880 817 cum
904 776 1060 829 passiVac
1086 778 1247 830 reliquae
1279 792 1360 816 non
1389 779 1512 816 ess'ent.
1567 781 1694 829 ltaque
1716 776 1885 829 ‘Persius

290 838 338 874 ad
369 845 447 872 tam
470 833 599 872 nobile
628 833 768 871 facinus
799 834 835 871 se
855 846 1083 883 comparans,
1113 846 1215 871 arma
1230 846 1271 870 ac
1292 835 1392 871 dona
1420 845 1438 870 a
1473 835 1591 871 tribus
1619 833 1685 870 diis
1719 833 1883 881 accepit:

286 892 418 928 talares
441 890 515 926 alas
535 900 553 925 a
582 887 791 934 Mercurio,
820 901 840 925 a
856 887 1028 926 ‘Plutone
1048 891 1204 938 galeam,
1234 888 1377 926 scutum
1403 901 1422 925 a
1443 885 1613 926 Pallade
1629 890 1663 924 ὅ(
1680 886 1884 938 speculum.

286 947 423 995 Neque
441 954 581 989 tamen,
612 945 697 980 licet
718 954 826 980 tanto
849 954 1022 992 apparatu
1045 943 1250 990 instructus,
1279 944 1324 980 ad
1342 940 1545 994 Medusam
1573 943 1667 980 resta
1697 943 1855 992 perrexit
1874 955 1882 977 :

284 999 346 1036 sed
362 1001 527 1049 primum
543 998 587 1034 ad
604 997 753 1036 Graeas
773 998 922 1035 divertit
939 1012 948 1039 3
979 1011 1042 1036 eae
1063 998 1207 1036 sorores
1235 1011 1276 1035 ex
1299 999 1412 1035 altera
1431 1009 1582 1047 parente
1599 994 1835 1049 Gorgonibus
1851 1008 1885 1033 e-

283 1064 381 1091 rant.
436 1053 565 1104 Atque
587 1052 736 1091 Graeae
757 1053 839 1089 istae
857 1054 983 1090 Canae
1005 1056 1078 1099 jam
1093 1067 1114 1091 a
1137 1054 1330 1091 nativitate
1349 1064 1454 1090 erant
1478 1050 1513 1090 8(
1538 1063 1716 1103 tanquam
1731 1052 1886 1088 vetulae.

287 1109 435 1146 Oculus
459 1118 584 1145 autem
613 1109 657 1144 iis
683 1109 954 1145 tantummodo
988 1111 1023 1145 ὅ(
1047 1110 1138 1146 dens
1172 1119 1248 1146 erat
1277 1109 1454 1145 omnibus
1483 1109 1625 1153 unicus,
1654 1118 1750 1158 quos
1773 1116 1886 1155 prout

278 1164 383 1200 exire
398 1163 496 1199 foras
522 1174 709 1214 quamque
734 1166 958 1211 contigerat,
985 1160 1141 1201 vicissim
1156 1162 1304 1213 gestare,
1333 1162 1494 1199 reversae
1524 1173 1647 1199 autem
1668 1164 1805 1198 iterum
1826 1160 1887 1197 de-

284 1230 427 1268 ponere
444 1217 612 1254 solebant
631 1231 640 1254 :
669 1218 770 1255 hunc
784 1218 906 1268 itaque
921 1220 1088 1266 oculum,
1115 1229 1224 1270 atque
1241 1218 1341 1255 hunc
1352 1218 1504 1254 dentem
1522 1218 1604 1253 illae
1622 1214 1765 1267 Perseo
1781 1227 1884 1251 com-

283 1273 501 1310 modarunt.
561 1274 663 1309 Tum
680 1273 834 1309 demum
855 1285 940 1309 cum
958 1272 992 1309 se
1008 1274 1154 1310 abunde
1169 1274 1213 1310 ad
1229 1273 1403 1310 destinata
1420 1272 1644 1323 perficienda
1672 1271 1888 1307 instructum

285 1328 477 1375 judicaret,
507 1326 553 1363 ad
571 1325 777 1378 Aledufam
788 1327 997 1377 properavit
1018 1330 1179 1378 impiger
1195 1331 1229 1365 ὅ(
1246 1329 1396 1365 volans:
1425 1328 1529 1363 illam
1550 1337 1674 1363 autem
1698 1326 1891 1362 dormien-

285 1393 367 1421 tem
387 1381 569 1419 offendit:
598 1394 720 1433 neque
734 1391 860 1419 tamen
884 1381 1042 1431 aspe&ui
1068 1384 1144 1427 ejus
1174 1380 1212 1426 (fi
1235 1380 1435 1430 evigilaret)
1459 1381 1493 1418 se
1508 1382 1749 1417 committere
1777 1381 1887 1416 aude-

285 1438 361 1484 bat,
389 1435 452 1474 sed
473 1437 619 1474 cervice
644 1436 788 1483 reflexa,
824 1438 863 1473 in
887 1436 1077 1485 speculum
1097 1434 1284 1474 Palladis
1304 1435 1511 1488 inspiciens,
1541 1446 1650 1486 atque
1674 1435 1747 1472 hoc
1767 1434 1888 1471 modo

287 1493 380 1530 istus
398 1491 574 1540 dirigens,
600 1500 710 1540 caput
734 1492 768 1527 ei
798 1490 961 1528 abscidit.
1016 1492 1069 1528 Ex
1085 1490 1260 1541 sanguine
1288 1501 1413 1528 autem
1429 1487 1614 1542 „Medusae
1643 1489 1738 1535 fuso,
1765 1489 1887 1526 statim

286 1543 465 1598 ‘Pegasus
481 1546 595 1582 alatus
605 1543 768 1582 emicuit.
828 1546 951 1597 Caput
967 1557 1092 1583 autem
1109 1546 1298 1583 absciss'um
1306 1543 1475 1597 Perseus
1486 1546 1526 1581 in
1543 1546 1686 1582 scutum
1697 1541 1885 1582 ‘Palladis

288 1600 454 1646 inseruit,
482 1598 541 1636 cui
556 1600 765 1637 etiamnum
786 1599 847 1636 sua
870 1598 1001 1637 mansit
1030 1602 1096 1647 vis,
1125 1612 1166 1638 ut
1192 1602 1237 1638 ad
1261 1602 1337 1646 ejus
1365 1600 1544 1637 intuitum
1562 1612 1697 1636 omncs
1710 1599 1770 1636 seu
1790 1609 1885 1636 atto*-

289 1654 359 1693 niti
376 1665 437 1692 aut
453 1652 596 1691 fidei-ati
623 1653 848 1705 obrigerent.
905 1656 1040 1693 Fabula
1059 1656 1105 1693 de
1120 1655 1360 1705 belligerandi
1380 1654 1522 1692 ratione
1544 1656 1784 1704 &prudentia
1799 1666 1888 1691 con-

288 1710 372 1748 ficta
385 1708 539 1748 videtur.
594 1708 722 1760 Atque
738 1711 777 1747 in
802 1709 874 1760 ipsa
898 1711 943 1747 de
959 1711 1061 1747 bello
1085 1711 1328 1761 suscipiendo,
1359 1713 1395 1748 &
1418 1711 1464 1746 de
1486 1721 1622 1758 genere
1643 1708 1729 1747 belli
1751 1708 1889 1758 eligen-

289 1766 344 1802 do
363 1765 643 1811 deliberatione,
673 1767 743 1801 tria
762 1767 943 1816 proponit
958 1776 1148 1818 praecepta
1165 1767 1247 1803 sana
1263 1768 1298 1802 ὅ(
1313 1767 1448 1815 gravia,
1477 1776 1654 1816 tanquam
1671 1777 1713 1802 ex
1730 1762 1889 1801 consilio

292 1817 491 1858 Palladis.
548 1820 679 1856 Primo
699 1830 739 1856 ut
755 1821 801 1857 de
822 1819 1077 1869 iubjugatione
1093 1823 1292 1858 nationum
1307 1820 1551 1857 finitimarum
1566 1818 1645 1870 quis
1664 1831 1745 1856 non
1761 1820 1888 1856 admo-

290 1876 386 1912 dum
413 1874 570 1911 laboret.
628 1876 762 1926 Neque
787 1877 890 1912 enim
920 1876 1050 1912 eadem
1083 1874 1132 1912 est
1157 1874 1371 1926 patrimonii
1405 1877 1441 1912 ὃς
1470 1873 1613 1924 imperii
1638 1873 1888 1924 amplificandi

292 1928 398 1968 rat10.
456 1931 558 1967 Nam
589 1930 629 1966 in
652 1927 932 1982 pollessionibus
962 1929 1119 1979 privatis,
1149 1929 1312 1968 vicinitas
1341 1928 1578 1980 praediorum
1600 1928 1798 1981 spectatur:
1827 1929 1889 1966 sed

292 1986 335 2022 in
362 1984 605 2037 propagando
626 1986 799 2036 imperio,
828 1983 970 2022 occasio
997 1988 1031 2022 δε
1049 1986 1136 2023 belli
1152 1984 1374 2023 conficiendi
1389 1984 1538 2022 facilitas
1563 1987 1599 2021 ὅ(
1622 1984 1772 2031 fructus,
1801 1986 1890 2021 loco

290 2037 485 2077 vicinitatis
500 2039 568 2076 effe
583 2039 729 2077 debent.
787 2041 902 2078 Certe
921 2039 1100 2087 Romani,
1128 2053 1206 2092 quo
1230 2051 1402 2091 tempore
1419 2038 1654 2078 occidentem
1669 2039 1802 2087 versus,
1829 2039 1888 2076 vix

291 2095 390 2133 ultra
405 2092 613 2146 Liguriam
626 2105 918 2145 penetraverant,
947 2094 1097 2133 orientis
1112 2095 1318 2146 provincias
1336 2095 1449 2148 usque
1465 2095 1510 2133 ad
1529 2104 1705 2132 montem
1719 2089 1890 2132 Taurum

289 2150 404 2187 armis
424 2148 633 2201 &imperio
653 2149 839 2200 complexi
854 2150 951 2189 suut.
1005 2152 1132 2203 Itaque
1148 2148 1319 2204 Petfius
1337 2149 1421 2189 licet
1436 2149 1637 2197 orientalis,
1664 2159 1791 2187 tamen
1808 2151 1891 2187 lon-

290 2203 470 2255 ginquam
498 2202 786 2253 expeditionem,
823 2204 938 2257 usque
966 2206 1013 2245 ad
1044 2215 1208 2245 extrema
1235 2205 1439 2244 occidentis
1475 2206 1635 2242 minime
1663 2203 1889 2243 detractavit.

293 2260 470 2297 Secundo
497 2271 605 2296 curae
625 2260 693 2297 effe
719 2261 844 2307 debet,
873 2271 915 2299 ut
934 2259 1022 2307 justa
1037 2262 1073 2299 δε
1094 2260 1302 2300 honorifica
1327 2259 1436 2299 subfit
1459 2259 1546 2298 belli
1569 2259 1694 2297 causa:
1722 2258 1759 2297 id
1787 2258 1890 2297 enim

291 2315 332 2352 ὅ(
362 2312 588 2351 alacritatem
613 2325 698 2352 tum
728 2314 920 2364 militibus,
954 2326 1040 2355 tum
1062 2315 1208 2367 populis
1235 2316 1417 2369 impensas
1447 2314 1730 2353 conferentibus
1760 2313 1890 2353 addit:

294 2370 331 2405 &
355 2367 545 2407 societates
568 2368 683 2419 aperit
722 2372 759 2408 ὅ(
786 2369 971 2419 conciliat,
1001 2373 1037 2409 &
1059 2370 1234 2421 plurimas
1256 2371 1415 2422 denique
1447 2368 1738 2408 commoditates
1765 2369 1889 2407 habet.

295 2424 412 2460 Nulla
432 2432 558 2463 autem
574 2423 662 2462 belli
683 2425 788 2463 causa
812 2424 929 2475 magis
958 2424 1016 2478 pia
1042 2424 1097 2473 fit,
1125 2439 1240 2478 quam
1257 2424 1457 2463 debellatio
1481 2422 1699 2475 tyrannidis,
1726 2423 1794 2462 sub
1817 2435 1889 2473 qua

293 2480 454 2529 populus
479 2477 697 2526 succumbit,
729 2483 764 2517 &
788 2480 1028 2530 prosternitur
1049 2478 1124 2518 fine
1152 2483 1285 2518 animis
1314 2482 1350 2517 &
1377 2479 1517 2530 vigore,
1547 2489 1729 2531 tanquam
1755 2478 1822 2517 sub
1856 2491 1889 2516 a-

288 2532 412 2584 spectu
427 2531 622 2585 Medusae.
679 2534 813 2572 Tertio
825 2536 1026 2588 prudenter
1038 2534 1203 2577 additur3
1229 2535 1334 2586 quod
1347 2547 1437 2572 cum
1451 2545 1524 2573 tres
1545 2534 1737 2586 Gorgones
1749 2532 1889 2574 fuerint

291 2587 371 2638 (per
392 2599 480 2637 quas
496 2589 592 2626 bella
611 2590 944 2641 repraesentantur)
967 2588 1136 2643 ‘Perfius
1156 2589 1260 2628 illam
1279 2589 1468 2640 delegerit,
1495 2601 1590 2642 quae
1617 2586 1727 2626 fuerit
1750 2599 1889 2626 morta-

287 2641 355 2682 lis;
384 2641 457 2678 hoc
472 2642 531 2688 cst,
561 2644 704 2681 bellum
722 2646 798 2690 ejus
820 2643 1046 2683 conditionis
1066 2645 1170 2697 quod
1190 2644 1339 2693 confici,
1368 2644 1407 2681 δε
1423 2645 1468 2682 ad
1482 2644 1622 2682 exitum
1641 2641 1791 2693 perduci
1804 2643 1887 2693 pos-

287 2696 354 2743 set,
381 2707 451 2732 nec
465 2698 574 2734 vastas
589 2710 650 2736 aut
671 2698 832 2737 infinitas
860 2700 937 2752 spes
963 2699 1174 2752 persecutus
1199 2700 1261 2737 est.
1318 2698 1507 2738 Instmffio
1528 2709 1655 2737 autem
1677 2695 1816 2749 Petfii
1842 2710 1888 2736 ea

287 2751 350 2797 est,
377 2761 470 2801 quae
491 2752 535 2787 ad
563 2752 704 2790 bellum
730 2754 837 2793 unice
865 2756 1013 2793 confert
1044 2757 1082 2793 ὅ(
1114 2755 1312 2793 fortunam
1334 2755 1412 2792 fere
1439 2753 1569 2792 trahit:
1600 2751 1756 2804 Accepit
1784 2751 1889 2791 enim

287 2804 516 2843 celeritatem
531 2817 551 2842 e
567 2804 775 2857 Mercurio,
791 2809 1087 2849 occultationem
1100 2808 1345 2847 consiliorum
1361 2809 1406 2846 ab
1426 2808 1538 2854 Orco,
1560 2807 1597 2844 δε
1613 2806 1889 2857 providentiam

288 2872 310 2897 a
328 2857 510 2898 Pallade.
569 2862 703 2912 Neque
717 2875 814 2902 caret
827 2864 1014 2914 allegoria,
1041 2877 1158 2916 eaque
1167 2860 1461 2914 prudentiffima,
1488 2863 1592 2914 quod
1609 2863 1684 2899 alae
1699 2861 1783 2899 illae
1798 2863 1891 2900 cele—

289 2914 403 2953 ritatis
428 2916 568 2963 talares,
599 2925 680 2953 non
714 2919 873 2956 axillares
905 2919 1055 2967 fuerint,
1092 2930 1203 2972 atque
1227 2919 1394 2972 pedibus,
1422 2929 1504 2955 non
1536 2915 1697 2955 humeris
1724 2916 1889 2957 additaes

285 2970 369 3020 quia
384 2983 464 3008 non
480 2969 612 3008 tamin
625 2970 752 3023 primis
778 2973 865 3010 belli
885 2972 1109 3025 aggi-estibus
1122 2982 1237 3026 quam
1261 2973 1300 3011 in
1320 2972 1370 3011 eis
1391 2984 1486 3024 quae
1510 2970 1723 3023 sequuntur,
1753 2974 1790 3009 ὅ(
1818 2973 1890 3023 pri-

285 3024 357 3062 mis
372 3023 529 3063 subsidio
548 3024 644 3072 sunt,
671 3025 834 3063 celeritas
851 3029 1063 3079 requiritur:
1095 3031 1220 3067 nullus
1237 3027 1339 3065 enlm
1367 3038 1468 3064 error
1494 3025 1531 3063 in
1563 3025 1666 3063 bellis
1685 3026 1802 3077 magis
1821 3026 1889 3063 fre-

287 3091 403 3133 quens
418 3080 478 3129 est,
507 3093 620 3132 quam
643 3080 747 3133 quod
773 3082 1047 3132 prosecutiones
1071 3087 1108 3121 ἅ
1137 3081 1332 3122 subsidiarii
1354 3080 1524 3132 impe-tus,
1551 3080 1746 3120 initiorum
1767 3079 1890 3119 alacri·

1822 3144 1890 3173 tati
