1973 3570
104 170 205 214 104
415 147 886 198 HISTORIA
945 146 1208 194 DENSI
1260 146 1361 193 ET
1415 147 1637 193 RARI.

244 249 407 288 vinculis
427 249 603 298 partium.
661 248 697 284 6.
727 241 965 283 Assimilatio
991 257 1034 282 ex
1061 245 1225 294 imperio
1245 246 1416 294 corporis
1437 246 1587 281 rarioris
1605 245 1722 293 magis
1737 245 1867 283 adivi·

247 313 283 353 7.
315 304 535 355 Amplexus,
564 301 635 340 sive
664 303 736 338 itio
762 303 802 338 in
823 300 1034 346 occursum,
1063 301 1235 350 corporis
1260 300 1383 336 amici.
1444 298 1479 336 8.
1509 299 1708 336 Distrac'tio
1736 312 1756 336 a
1780 303 1858 337 vio-

248 360 364 398 lentia
387 369 549 395 externa.
605 369 643 404 9.
674 357 933 401 macer-vatio,
963 353 1034 392 sive
1058 355 1274 407 applanatio
1297 355 1472 403 partium.
1867 380 1870 383 .

303 416 641 452 EFFICIENTIA
675 423 767 449 vero
799 410 1069 447 contractionis
1101 421 1308 461 corporum
1342 408 1425 445 sunt
1467 408 1568 444 odio.
1631 420 1663 445 1.
1694 408 1865 447 Exclusio

251 480 314 507 aut
345 465 528 520 depositio
562 468 732 517 corporis
761 466 978 516 introcepti.
1037 470 1072 501 2.
1102 463 1332 513 Angustatio
1358 461 1429 501 five
1464 463 1673 500 contraffio
1701 466 1867 513 partium

252 524 331 577 post
361 523 532 575 spiritum
563 520 745 558 emissum.
803 530 839 570 3.
870 515 999 569 Frigus
1023 529 1219 556 externum
1253 518 1418 559 aetuale3
1457 529 1520 555 aut
1554 519 1668 555 ctiam
1697 514 1870 555 remiffio

252 580 398 616 caloris.
454 587 493 626 4.
524 577 653 626 Frigus
668 585 865 612 externum
880 574 1100 624 potentiale.
1161 585 1195 622 5.
1226 575 1324 622 Fuga
1350 575 1387 610 ὅ(
1407 571 1671 624 antiperistasis.
1729 575 1766 609 6.
1801 573 1867 610 As-

254 632 430 671 similatio
450 645 492 669 cx
510 633 671 682 irnperio
687 632 856 680 eorporis
876 627 1054 666 densioris
1070 630 1188 678 magis
1203 629 1321 666 astivi.
1381 637 1417 676 7.
1450 624 1694 677 Compreffio
1709 639 1775 677 per
1789 629 1873 668 vio·

258 689 415 727 lentiam
436 698 640 724 externam.
700 685 735 722 8.
766 686 966 729 Oneratio,
996 681 1020 719 si
1042 684 1163 720 modo
1184 685 1307 731 aliqua
1330 680 1383 719 sit.

312 742 568 780 AcronEs
598 741 836 776 dilatationes
863 751 929 788 per
950 738 1123 790 spiritum
1144 740 1330 784 innatum,
1361 740 1398 774 δ(
1422 745 1488 788 per
1512 738 1777 774 liberationem
1803 737 1872 789 spi-

259 798 415 842 rituum,
445 799 481 833 &
496 807 562 845 per
577 795 901 832 deacervationem
918 807 928 833 ς
957 803 1068 840 atque
1085 792 1218 838 rursus,
1235 793 1400 828 affiones
1415 793 1686 829 contractionis
1701 804 1766 842 per
1781 804 1877 829 con*

260 853 502 897 striffioncm,
551 848 635 886 sum
672 849 837 885 affioncs
869 845 945 884 sine
978 848 1186 898 reciproco.
1242 848 1426 895 Reliquae
1462 847 1627 884 aitiones
1665 846 1749 884 sunt
1782 849 1874 885 rcci-

261 918 407 958 procae.
1874 920 1875 924 ,

314 962 686 997 DILATATIONES
707 968 771 1007 per
788 957 1112 1006 introceptionem
1128 958 1164 994 δε
1182 968 1247 1007 per
1268 956 1594 994 deacervationem
1616 955 1701 993 sunt
1715 955 1874 1007 pseudo-

262 1016 526 1054 dilatationes;
562 1011 651 1050 sieut
675 1015 711 1050 ὃ(
737 1012 1015 1049 contraffiones
1043 1024 1109 1061 per
1132 1009 1381 1050 exclusionem
1407 1011 1492 1049 sunt
1516 1010 1876 1061 pseudoacondensae

263 1072 389 1107 tiones
407 1083 414 1105 :
447 1067 530 1105 sunt
550 1069 654 1105 enim
675 1068 824 1114 locales,
855 1079 936 1104 non
960 1066 1219 1104 substantiales.

318 1125 564 1161 ExrANsm
593 1135 658 1174 per
681 1124 811 1171 ignem
842 1120 913 1160 sive
948 1123 1114 1159 calorem
1152 1120 1226 1159 sine
1251 1122 1482 1172 separatione
1506 1121 1554 1158 est
1587 1122 1765 1159 omnium
1794 1119 1877 1159 sim-

266 1175 491 1230 pliciss'lma:
521 1178 573 1214 Ea
600 1177 641 1215 fit
662 1179 701 1214 in
728 1178 971 1228 pneumatico
994 1189 1102 1226 puro,
1130 1175 1220 1214 sicut
1244 1180 1325 1214 a'ere
1341 1195 1355 1219 ‚-
1385 1177 1448 1214 ubi
1474 1176 1570 1213 nihil
1594 1177 1749 1223 exhalat,
1778 1177 1875 1214 nihil

264 1232 408 1280 residet,
450 1232 510 1269 sed
546 1244 649 1269 mera
681 1232 722 1269 fit
753 1232 936 1277 dilatatio,
976 1244 1090 1280 eaque
1120 1232 1165 1268 ad
1195 1233 1482 1284 ampliationem
1512 1230 1616 1280 spatii
1647 1229 1717 1269 sive
1746 1244 1878 1281 expor-

267 1289 444 1326 reffionis
478 1285 673 1337 insignem.
729 1287 879 1327 Utrum
912 1285 1031 1324 simile
1066 1287 1257 1336 quippiam
1286 1287 1348 1324 fiat
1370 1288 1410 1323 in
1430 1286 1593 1333 flamma,
1623 1285 1808 1333 videlicet,
1838 1299 1877 1324 u-·

267 1354 371 1381 trum
391 1342 541 1380 flamma
574 1342 653 1391 post
687 1339 948 1391 expansionem
979 1343 1121 1391 primae
1153 1340 1378 1379 accensionis
1406 1341 1512 1389 (quae
1542 1341 1590 1378 est
1618 1341 1770 1391 magna)
1800 1343 1878 1388 jam

268 1398 362 1436 facta
389 1398 540 1435 flamma
563 1397 641 1443 (ubi
668 1409 825 1446 magnus
848 1397 897 1433 est
924 1397 1174 1433 ambientium
1197 1397 1321 1445 ardor)
1344 1396 1380 1433 se
1403 1396 1522 1433 adhuc
1546 1397 1663 1445 magis
1683 1397 1880 1448 expandat,

270 1449 424 1490 difficile
447 1453 605 1502 cognitu
630 1452 689 1498 est,
718 1461 873 1503 propter
899 1452 1060 1488 celerem
1076 1454 1113 1488 δε
1137 1462 1445 1489 momentaneam
1474 1451 1746 1488 extinctionem
1774 1452 1879 1488 flam-

273 1519 379 1546 mae:
407 1519 538 1545 vcrum
567 1507 614 1544 de
642 1506 715 1543 hoc
740 1507 780 1542 in
808 1507 923 1543 titulo
945 1506 992 1543 de
1012 1506 1163 1543 flamma
1183 1508 1429 1555 inquiremus.
1486 1507 1660 1543 Proxima
1679 1506 1768 1544 huic
1790 1508 1881 1544 dila-

273 1563 419 1600 tationi«
443 1562 637 1610 (quatenus
666 1561 711 1598 ad
739 1559 1029 1612 simplicitatem)
1054 1561 1102 1597 est
1131 1559 1312 1611 expansio,
1343 1574 1436 1609 quae
1466 1561 1507 1598 fit
1538 1562 1578 1597 in
1607 1561 1882 1609 colliquatione

272 1618 529 1663 metallorum,
559 1626 620 1653 aut
650 1617 690 1652 in
714 1617 954 1653 emollitione
979 1616 1068 1653 ferri
1097 1618 1134 1653 ὅ(
1153 1629 1269 1663 cerae,
1299 1615 1540 1663 &similium,
1570 1616 1614 1652 ad
1630 1626 1788 1665 tempuS,
1817 1630 1881 1654 an-

273 1667 424 1720 tequam
457 1671 598 1720 aliquid
630 1670 693 1707 fiat
721 1671 886 1717 volatile,
916 1673 952 1708 ὅ(
981 1672 1187 1709 emittatur.
1245 1672 1389 1710 Verum
1415 1671 1504 1708 haee
1533 1671 1704 1708 dilatatio
1732 1673 1880 1710 occulta

274 1727 335 1772 est,
367 1729 404 1763 &
432 1726 473 1763 fit
496 1728 593 1763 intra
621 1725 771 1763 claustra
799 1726 969 1774 corporis
998 1727 1200 1775 integralis,
1238 1738 1308 1763 nec
1335 1724 1524 1764 visibiliter
1553 1727 1881 1775 exporreCiionem

275 1791 397 1818 mutat
421 1791 482 1818 aut
502 1782 666 1830 ampliat.
722 1779 779 1817 At
801 1778 909 1818 simul
935 1792 975 1817 ac
1001 1781 1153 1830 incipiat
1182 1782 1223 1818 in
1244 1793 1404 1833 corpore
1428 1783 1556 1829 aliquo
1580 1782 1772 1832 quippiam
1795 1794 1881 1819 evo-

276 1837 364 1882 lare,
392 1844 476 1873 tum
503 1836 669 1873 aCtiones
687 1834 783 1872 fiunt
811 1836 1070 1886 complicatae,
1098 1838 1236 1885 partim
1264 1835 1534 1882 rarefacientes,
1562 1838 1701 1887 partim
1732 1847 1880 1874 contra·

277 1890 408 1928 hentcs
427 1903 435 1927 z
462 1891 558 1929 adeo
571 1900 612 1928 ut
628 1891 835 1927 contrariae
855 1891 939 1928 illae
955 1890 1118 1927 affiones
1134 1893 1252 1940 ignes,
1281 1903 1375 1940 quae
1390 1893 1505 1941 vulgo
1520 1901 1718 1939 notantur,

389 1980 531 2020 Limus
555 1989 600 2020 ut
623 1981 688 2021 hic
709 1980 891 2034 durescit,
921 1979 969 2027 ὠ
991 1981 1086 2022 haec
1108 1990 1153 2023 ut
1182 1996 1269 2022 cera
1292 1982 1484 2037 liquefi‘it,

388 2036 475 2076 Uno
495 2034 696 2091 eodemque
721 2038 816 2091 tgni,

277 2129 322 2169 in
344 2129 418 2167 hoc
432 2129 650 2178 fundentur,
679 2131 783 2181 quod
803 2132 843 2169 in
865 2132 979 2170 altera
999 2132 1144 2184 spiritus
1164 2135 1362 2181 emittitur,
1391 2135 1432 2171 in
1447 2135 1559 2170 altera
1573 2134 1773 2172 detinetur.

336 2185 696 2224 CoNDENSArlo
737 2199 832 2235 quae
871 2186 913 2225 fit
954 2200 1021 2240 per
1058 2190 1200 2238 ignem,
1237 2191 1325 2226 licet
1362 2201 1444 2226 non
1478 2186 1520 2225 fit
1557 2187 1885 2238 pseudo-densatio

280 2239 353 2288 (est
390 2240 494 2277 enim
530 2240 798 2290 substantialis)
838 2251 968 2279 tamen
1004 2242 1053 2280 est
1086 2244 1333 2282 condensatio
1370 2245 1494 2294 potius
1525 2242 1729 2281 seeundum
1761 2254 1886 2293 partes

279 2306 395 2342 quam
429 2293 633 2333 secundum
661 2306 800 2334 totum.
858 2297 962 2335 Nam
990 2298 1265 2337 contrahuntur
1298 2309 1398 2336 certe
1430 2307 1551 2349 partes
1579 2295 1797 2340 craffiores5
1833 2300 1886 2337 ita

281 2358 411 2440 31ch
440 2358 481 2386 ut
508 2361 642 2401 corpus
670 2352 861 2401 integrum
889 2351 1066 2390 reddatur
1092 2355 1212 2403 magis
1233 2353 1624 2402 cavum&porosum‚
1653 2355 1779 2392 minus
1791 2365 1886 2404 pon·

311 2414 377 2440 ero
395 2414 470 2441 um.

890 2480 1066 2540 Canones
1093 2480 1274 2521 Mobiles.

346 2580 380 2607 1.
411 2571 594 2609 SUMMA
627 2573 804 2611 materiae
828 2575 869 2612 in
897 2576 1073 2615 universo
1100 2576 1232 2614 eadem
1259 2586 1419 2618 manet;
1456 2589 1580 2626 neque
1606 2576 1648 2615 fit
1676 2576 1885 2626 transafitiQ

287 2634 350 2663 aut
365 2637 386 2662 a
403 2625 537 2673 nihilo,
566 2636 627 2665 aut
650 2629 695 2665 ad
717 2629 892 2666 nihilum.

343 2690 394 2718 2.⁴
409 2680 471 2717 Ex
495 2679 639 2720 summa
662 2685 702 2720 in
721 2684 906 2733 aliquibus
928 2686 1152 2737 corporibus
1179 2685 1228 2724 est
1249 2687 1344 2739 plus,
1382 2688 1424 2723 in
1447 2686 1632 2736 aliquibus
1653 2689 1792 2736 minus,
1820 2686 1888 2725 sub

287 2734 426 2773 eodem
452 2734 582 2786 spatio.

344 2800 381 2840 3.
412 2789 447 2827 C
456 2800 509 2827 οι)
519 2801 533 2827 1
543 2803 569 2828 A
593 2793 630 2830 ὅ(
657 2794 819 2844 paucitas
832 2795 1009 2834 materiae
1023 2795 1253 2835 constituunt
1277 2797 1494 2835 notationes
1508 2794 1609 2834 densi
1625 2799 1661 2836 &
1675 2798 1760 2845 rari,
1790 2796 1888 2835 reete

287 2853 465 2895 acceptas

318 2908 380 2992 0ἶῖ
409 2899 498 2937 Esr
526 2902 722 2951 termium,
750 2900 820 2945 sive
842 2917 924 2946 non
951 2907 1060 2956 ultra,
1088 2901 1190 2946 densi
1206 2908 1244 2946 δε
1263 2908 1348 2956 rari,
1377 2905 1438 2946 sed
1465 2917 1547 2945 non
1575 2906 1616 2945 in
1644 2915 1732 2945 ente
1759 2907 1892 2955 aliquo

288 2963 317 2992 n
371 2965 401 2993 is
419 2964 528 2995 noto.

1712 3046 1748 3086 5.
1778 3036 1888 3076 Non
