1973 3570
135 231 242 280 224

482 214 580 263 DE
631 210 1100 261 SECTIONE
1151 208 1667 257 CORPORUM.

274 305 425 360 reperit,
455 308 543 346 idco
563 307 656 345 illud
676 305 891 357 simpliciter
915 306 1073 356 negavit.
1131 307 1201 344 Nil
1217 307 1321 343 enim
1340 304 1509 354 impedit,
1539 306 1742 353 quominus
1767 307 1806 343 in
1822 319 1878 344 re-

278 363 454 415 gionibus
466 363 636 409 aetheris,
656 363 721 399 ubi
735 362 988 412 proculdubio
1000 362 1160 405 majores
1178 360 1260 398 sunt
1273 372 1479 409 corporum
1495 358 1744 410 expansiones,
1764 361 1879 398 etiam

281 431 441 459 vacuum
467 427 726 455 coacervatum
754 415 807 453 sit.
862 418 906 454 In
933 417 978 453 iis
1006 427 1131 453 autem
1159 413 1464 464 inquisitionibus
1492 416 1529 450 &
1557 412 1735 452 similibus
1765 414 1879 453 semel

282 476 478 513 monitum
492 471 546 518 fit,
576 484 624 509 ne
638 474 721 520 quis
736 481 889 521 propter
903 480 1046 508 tantam
1061 481 1213 508 naturae
1229 470 1472 508 subtilitatem
1492 469 1745 506 confundatur
1761 472 1797 507 ὅ(
1811 471 1881 508 dif-

282 530 383 568 fidat.
442 528 600 576 Cogitet
630 528 735 564 enim
765 529 801 563 δε
826 528 985 563 unitates
1012 529 1048 563 ὃς
1074 525 1235 563 summas
1255 536 1382 562 rerum
1411 536 1453 560 ex
1481 535 1602 571 aequo
1631 523 1884 575 supputationi

282 584 468 622 submitti.
524 584 623 620 Tam
641 581 749 618 facile
779 582 883 618 enim
901 583 984 629 quis
1009 582 1115 618 mille
1136 592 1254 617 annos
1273 580 1419 625 dixerit,
1458 588 1519 615 aut
1541 580 1734 627 cogitaret,
1771 591 1885 628 quam

282 640 392 677 mille
406 647 622 678 momenta3
652 636 739 674 cum
759 646 887 673 tamen
907 637 996 672 anni
1011 647 1031 672 a
1046 637 1175 673 multis
1189 633 1394 672 momentis
1413 631 1693 672 constituantur.
1749 635 1886 683 Neque

286 693 411 732 rursus
439 691 619 729 existimet
649 692 794 739 aliquis,
835 690 925 727 haec
951 691 1077 739 potius
1105 688 1365 742 speculationis
1393 686 1558 725 curiosae
1586 688 1666 734 effe,
1704 700 1816 736 quam
1840 690 1889 727 ad

285 760 402 799 opera
417 750 453 785 &
469 747 576 784 usum
597 746 745 786 referri3
774 744 897 781 videre
912 747 1014 782 enim
1036 745 1084 782 est
1099 757 1233 781 omnes
1245 745 1320 781 fere
1339 742 1585 795 philosophos
1600 745 1636 780 ὃς
1657 744 1748 780 alios
1768 745 1889 791 quiin

287 803 518 854 experientia
538 803 575 838 ὅ(
595 800 703 837 rebus
722 799 1002 848 particularibus
1025 798 1154 836 sedulo
1174 798 1304 836 versati
1321 799 1416 844 sunt,
1447 801 1483 835 ὃς
1506 809 1676 835 naturam
1696 799 1740 835 ad
1762 800 1890 836 vivum

288 858 551 901 dissecuerunt,
579 855 620 891 in
634 853 849 900 hujusmodi
865 851 1123 901 inquisitiones
1139 853 1317 899 incidere,
1347 854 1434 890 licet
1450 865 1506 890 cas
1522 853 1679 890 feliciter
1696 865 1776 890 non
1791 864 1892 902 pera-

277 922 393 963 gant.
449 912 587 958 Neque
610 910 681 946 alia
706 906 822 945 subest
848 907 952 945 causa
971 909 1167 958 potentior
1196 910 1231 944 δε
1251 909 1388 954 verior,
1426 909 1477 944 ob
1505 919 1616 956 quam
1643 907 1892 958 philosophia,

289 978 406 1016 quam
425 965 617 1011 habemuS‚
645 962 848 1001 effectuum
866 960 908 1000 sit
927 961 1069 1008 sterilis,
1097 961 1165 999 nisi
1185 962 1288 1011 quod
1308 964 1511 1000 verborum
1532 965 1568 1000 ὃ(
1587 963 1794 999 notionum
1816 964 1893 1002 vul-

292 1023 442 1071 garium
464 1018 688 1057 subtilitates
707 1019 887 1068 captavit3
915 1028 1069 1056 naturae
1089 1017 1332 1056 subtilitatem
1351 1029 1431 1054 non
1451 1016 1640 1068 persecuta
1660 1017 1720 1064 est,
1749 1029 1819 1054 nec
1839 1019 1895 1056 in-

291 1077 444 1126 quirere
457 1074 659 1113 constituit.

460 1171 495 1198 2.
517 1158 593 1199 De.
605 1156 847 1211 aequalitate
861 1170 907 1196 ac
921 1151 1205 1212 inaequalitate
1220 1165 1429 1197 atomorum
1432 1155 1522 1208 stve
1525 1158 1728 1212 seminum.

345 1237 683 1274 PYTHAGORAE
703 1233 854 1272 inventa
874 1236 909 1271 ὅ(
924 1234 1054 1283 placita
1077 1236 1164 1272 talia
1179 1247 1221 1271 ex
1243 1235 1387 1280 majore
1407 1245 1511 1284 parte
1526 1236 1641 1282 fuere,
1670 1247 1764 1284 quae
1778 1234 1824 1273 ad
1839 1247 1897 1273 or-

296 1292 429 1329 dinem
451 1291 577 1340 potius
592 1289 783 1338 quendam
802 1289 1069 1338 religiosorum
1091 1289 1341 1336 fundandum,
1372 1302 1485 1338 quam
1506 1291 1550 1327 ad
1572 1290 1738 1327 scholam
1758 1291 1798 1327 in
1821 1289 1900 1342 phi-

296 1345 472 1396 Iosophia
494 1342 746 1394 aperiendam,
780 1345 1066 1385 accommodata
1087 1344 1220 1384 effent3
1256 1345 1361 1391 quod
1391 1347 1427 1381 ὅ(
1454 1355 1607 1381 eventus
1627 1345 1899 1394 comprobavit.

296 1402 354 1440 Ea
380 1401 485 1438 enim
511 1398 705 1449 disciplina
730 1400 813 1451 plus
840 1401 880 1436 in
902 1397 1038 1437 haeresi
1060 1399 1386 1444 Manichaeorum,
1423 1401 1460 1435 ὃς
1484 1398 1740 1448 superstitione
1768 1399 1901 1438 Mahu-

295 1457 408 1503 meti,
435 1465 549 1504 quam
571 1454 669 1503 apud
693 1453 939 1505 philosophos
960 1452 1074 1490 valuit
1097 1455 1133 1490 ὅ(
1155 1452 1296 1490 floruit.
1352 1454 1501 1503 Opinio
1522 1465 1650 1492 tamen
1669 1455 1758 1502 ejus,
1795 1466 1903 1493 mun-

299 1511 395 1549 dum
418 1521 461 1547 ex
476 1509 644 1545 numeris
666 1508 843 1554 constare,
871 1519 920 1545 eo
934 1507 1040 1545 sensu
1061 1506 1174 1558 accipi
1197 1508 1327 1559 potest,
1356 1518 1397 1546 ut
1414 1508 1459 1545 ad
1474 1519 1627 1547 naturae
1646 1510 1827 1559 principia
1840 1521 1903 1560 pe-

300 1573 439 1604 netret.
493 1563 644 1614 Duplex
665 1563 770 1600 enim
789 1561 850 1609 est,
878 1572 989 1612 atque
1006 1562 1103 1601 adeo
1126 1562 1196 1601 effe
1218 1563 1347 1612 potest,
1378 1562 1511 1615 opinio
1533 1565 1580 1602 de
1600 1566 1736 1602 atomis
1757 1563 1827 1602 sive
1850 1577 1906 1602 re-

302 1631 392 1658 rum
411 1618 637 1659 seminibus3
665 1629 741 1655 una
755 1615 996 1665 Democriti,
1025 1631 1119 1667 quae
1140 1617 1274 1656 atomis
1294 1619 1597 1667 inaequalitatem
1619 1622 1656 1657 &
1670 1618 1839 1669 figuram,
1869 1622 1907 1657 δε

254 1681 256 1685 “
303 1687 371 1726 per
385 1673 543 1723 figuram
560 1671 670 1709 situm
684 1672 872 1711 attribuit:
901 1674 1014 1710 altera
1028 1673 1176 1711 fortasse
1192 1670 1453 1726 Pythagorae,
1483 1686 1575 1723 quae
1591 1686 1649 1711 eas
1669 1676 1833 1712 omnino
1847 1687 1910 1725 pa*

307 2845 313 2849 „
329 2835 416 2862 vera
438 2822 679 2861 moderatrix.

303 1742 364 1768 res
384 1731 422 1767 &
443 1726 578 1765 similes
603 1727 673 1764 esse
694 1727 852 1765 afferuit.
910 1730 987 1780 Qii
1008 1728 1109 1765 enim
1133 1729 1392 1777 aequalitatem
1416 1731 1553 1766 atomis
1575 1726 1744 1779 aflignat‚
1779 1728 1807 1766 is
1824 1741 1908 1767 om-

305 1785 371 1823 nia
389 1785 431 1821 in
443 1783 612 1820 numeris
631 1782 833 1820 necess'ario
851 1785 986 1834 ponit;
1015 1785 1081 1832 qui
1095 1794 1221 1821 autem
1241 1784 1384 1832 reliqua
1399 1785 1575 1822 attributa
1596 1786 1773 1832 admittit,
1803 1787 1832 1822 is
1845 1797 1910 1822 na·

305 1849 409 1878 turas
433 1835 637 1888 primitivas
665 1848 883 1875 atomorum
912 1836 1151 1888 singularium
1177 1848 1320 1888 praeter
1346 1851 1526 1876 numeros
1553 1838 1623 1877 sive
1662 1841 1826 1877 rationes
1850 1852 1912 1878 co-

308 1895 482 1932 itionum
505 1892 667 1930 adhibet.
723 1891 857 1931 A&ix⁷a
880 1903 1005 1930 autem
1023 1894 1198 1942 quaestio,
1228 1905 1322 1942 quae
1341 1893 1428 1931 huic
1449 1893 1688 1945 speculativae
1712 1895 1912 1947 respondet

307 1960 468 1996 eamque
483 1948 733 1984 determinare
747 1948 877 1999 potest,
906 1960 948 1985 ea
963 1949 1023 1996 est,
1053 1961 1165 1997 quam
1182 1950 1295 1986 etiam
1311 1947 1569 1987 Democritus
1584 1950 1753 1992 adducit3
1783 1960 1912 1989 utrum

309 2004 446 2041 omnia
468 2015 511 2039 ex
527 2003 706 2040 omnibus
725 2001 803 2042 fieri
817 1999 969 2053 poss'mt.
1025 2004 1142 2056 Quod
1163 2016 1250 2041 curn
1270 2004 1334 2041 illa
1353 2016 1373 2041 a
1391 2006 1536 2042 ratione
1557 2006 1721 2042 alienum
1745 2005 1912 2054 putasset,

309 2067 533 2096 atomorum
556 2055 802 2095 diversitatem
826 2059 960 2096 tenuit.
1017 2059 1142 2097 Nobis
1164 2071 1255 2096 vero
1274 2071 1316 2096 ea
1339 2058 1501 2107 quaestio
1520 2072 1602 2097 non
1623 2061 1717 2097 bene
1738 2059 1914 2108 instituta,

310 2124 384 2151 nec
413 2110 665 2161 quaestionem
693 2114 861 2164 priorem
888 2123 1059 2162 premere
1082 2114 1241 2160 videtur,
1279 2111 1305 2150 fi
1333 2114 1379 2151 de
1405 2114 1716 2152 transmutatione
1742 2115 1915 2153 immedi-

310 2178 372 2205 ata
399 2178 605 2218 corporum
632 2167 875 2216 intelligatur.
933 2169 1080 2207 Verum
1107 2179 1235 2206 utrum
1266 2170 1379 2205 etiam
1407 2182 1474 2220 per
1502 2169 1649 2206 debitos
1677 2171 1853 2207 circuitus
1876 2173 1916 2208 ὅ(

312 2220 544 2260 mutationes
563 2221 704 2258 medias
730 2220 898 2260 universa
913 2235 995 2260 non
1017 2223 1216 2270 transeant,
1246 2235 1287 2260 ea
1305 2223 1460 2261 demum
1483 2223 1645 2273 quaestio
1667 2225 1835 2273 legitima
1854 2225 1914 2263 est.

314 2277 489 2316 Dubium
508 2274 611 2313 enim
630 2287 713 2313 non
737 2277 798 2323 est,
826 2276 968 2315 semina
986 2290 1126 2325 rerum,
1162 2279 1250 2316 licet
1276 2276 1345 2315 sint
1365 2280 1476 2328 paria,
1505 2279 1699 2328 postquam
1719 2279 1756 2316 se
1777 2279 1817 2317 in
1842 2292 1917 2318 cer-

315 2342 372 2370 tas
389 2342 531 2370 turmas
546 2333 582 2368 &
602 2331 727 2369 nodos
747 2332 992 2378 conjecerim,
1020 2344 1225 2385 corporum
1239 2329 1476 2371 diflimilium
1496 2344 1669 2372 naturam
1685 2335 1848 2373 omnino
1862 2337 1917 2373 in-

318 2387 447 2434 duere,
475 2387 601 2423 donec
624 2386 777 2424 eaedem
798 2396 945 2426 turmae
959 2398 1021 2426 aut
1045 2389 1139 2426 nodi
1159 2387 1420 2429 diffolvantur3
1450 2389 1544 2426 adeo
1559 2400 1600 2426 ut
1623 2387 1922 2439 compositorum

319 2451 453 2478 natura
475 2443 512 2478 ὃς
534 2439 685 2478 αέῑεᾶηε
707 2440 1013 2480 transmutationi
1032 2443 1272 2480 immediatae
1296 2454 1378 2480 non
1405 2445 1549 2481 minori
1574 2445 1851 2494 impedimento
1877 2457 1921 2483 ac

321 2496 438 2543 obici,
467 2507 581 2544 quam
599 2493 824 2547 simplicium
847 2496 916 2536 effe
929 2494 1054 2550 possit.
1109 2499 1253 2538 Verum
1269 2495 1528 2537 Democritus
1542 2500 1583 2537 in
1605 2511 1808 2550 corporum
1822 2501 1922 2549 prin-

323 2551 432 2601 cipiis
459 2549 717 2600 investigandis
741 2562 891 2594 acutus;
934 2555 975 2590 in
1002 2563 1179 2591 motuum
1210 2563 1336 2590 autem
1364 2555 1556 2606 principiis
1583 2553 1834 2592 examinandis
1857 2553 1922 2593 fibi

322 2603 444 2653 impar
465 2607 503 2641 ὃς
525 2607 721 2654 imperitus
741 2606 1056 2659 deprelienditur3
1093 2608 1197 2657 quod
1221 2609 1334 2645 etiam
1360 2621 1566 2648 commune
1587 2611 1722 2647 vitium
1744 2611 1923 2647 omnium

325 2658 641 2711 philosophorum
664 2661 747 2699 fuit.
803 2661 933 2711 Atque
955 2663 1064 2709 hujus
1078 2663 1125 2701 de
1147 2675 1220 2712 qua
1247 2663 1442 2711 loquimur
1465 2662 1715 2714 inquisitionis
1734 2663 1782 2700 de
1802 2663 1924 2715 prima

327 2713 555 2751 conditione
569 2713 757 2754 seminum
778 2714 850 2756 five
872 2727 1103 2766 atomorum,
1131 2719 1284 2764 utilitas,
1314 2717 1510 2766 nescimus,
1537 2731 1585 2756 an
1604 2714 1684 2756 non
1699 2716 1740 2756 sit
1760 2721 1926 2757 omnino

328 2769 516 2808 maximas
552 2778 593 2805 ut
616 2781 711 2817 quae
731 2769 773 2808 sit
796 2770 894 2810 actus
916 2775 953 2810 δε
975 2771 1166 2822 potentiae
1189 2773 1358 2823 suprema
1383 2776 1521 2824 regula,
1550 2776 1586 2810 ὅ(
1609 2773 1684 2822 spei
1707 2775 1743 2810 &
1766 2785 1925 2822 operum

734 2827 857 2863 Etiam
883 2825 952 2865 alia
976 2826 1169 2877 inquisitio
1191 2828 1280 2865 inde
1306 2828 1401 2875 fluit,
1439 2830 1541 2874 cujus
1563 2830 1703 2865 utilitas
1725 2830 1926 2878 complexu

331 2880 475 2926 minor,
512 2876 574 2914 sed
597 2878 707 2915 rebus
730 2882 766 2917 ὃ(
787 2882 962 2932 operibus
984 2882 1137 2933 propior
1161 2883 1220 2920 est.
1276 2883 1328 2919 Ea
1351 2883 1399 2920 est
1423 2884 1469 2920 de
1489 2883 1717 2935 separatione
1741 2884 1779 2920 &
1799 2885 1926 2921 altera-

330 2931 450 2980 tione,
478 2931 554 2970 hoc
570 2932 631 2979 est,
659 2934 749 2981 quid
764 2947 829 2983 per
852 2936 1124 2986 separationem
1146 2938 1220 2985 fiat,
1251 2940 1286 2975 ὅ(
1313 2938 1404 2986 quid
1418 2937 1485 2975 alia
1510 2939 1667 2974 ratione.
1724 2938 1929 2976 Fam-iliaris

332 2988 438 3024 enim
463 2987 512 3025 cst
531 2988 661 3025 animo
683 2987 852 3027 humano
877 3003 993 3039 error,
1031 2992 1094 3041 qui
1115 2992 1225 3030 etiam
1245 3004 1265 3029 a
1285 2992 1546 3040 chymistarum
1568 2991 1804 3042 philosophia
1829 3004 1929 3043 mag-

332 3053 430 3079 num
450 3042 565 3082 robur
580 3045 617 3080 &
639 3043 917 3082 incrementum
932 3049 1095 3098 accepit3
1124 3058 1165 3086 ut
1181 3059 1222 3084 ea
1237 3046 1458 3097 separationi
1479 3047 1716 3098 deputentur,
1746 3059 1839 3095 quae
1854 3049 1930 3085 alio

335 3095 509 3148 spectent.
564 3098 737 3150 Exempli
759 3100 899 3149 gratias
926 3112 1015 3140 cum
1030 3102 1123 3151 aqua
1145 3103 1185 3140 in
1201 3112 1379 3152 vaporem
1406 3099 1545 3150 tranfit,
1576 3101 1683 3140 facile
1707 3103 1789 3151 quis
1803 3100 1928 3153 opine-

1866 3167 1926 3194 tUt'
