1973 3570
145 232 240 282 128
429 223 862 276 HISTORIA
914 220 1179 267 VITAE
1230 216 1739 267 ET'MORT'ls.

271 329 364 367 tices
391 329 429 365 ὃ(
456 328 605 373 extima,
634 338 747 375 quam
775 337 840 375 per
863 324 1045 361 medullas
1071 323 1107 358 ὃ(
1135 322 1283 367 intima,
1311 321 1475 360 nutriri;
1506 319 1646 357 etenim
1675 319 1701 357 fi
1729 320 1883 359 eircum-

277 385 375 421 circa
397 382 643 420 decorticatae
669 382 821 427 fuerint,
850 380 937 416 licet
959 378 1005 416 ad
1034 376 1194 427 spatium
1222 387 1392 427 parvum,
1428 387 1509 412 non
1535 377 1667 413 vivunt
1702 377 1884 428 amplius:

277 449 389 487 atque
415 437 560 487 sanguis
583 439 623 473 in
652 438 754 475 venis
780 435 1002 473 animalium
1035 444 1117 470 non
1142 432 1268 468 minus
1296 441 1424 468 carnes
1451 429 1517 467 sub
1542 431 1616 466 illis
1641 429 1723 467 sitas
1751 435 1883 479 nutrit,

279 505 394 543 quam
419 492 524 542 supra
542 491 632 528 illas.

336 548 371 585 6.
403 549 455 584 IN
481 548 589 584 omni
619 547 906 583 alimentatione
936 544 1071 593 duplex
1096 539 1146 579 est
1168 538 1275 587 αᾶἰο,
1312 538 1471 577 extrufio
1496 542 1533 577 ὃ(
1561 540 1732 576 αῑτῑαξῖὶο
1748 554 1758 581 5
1798 554 1885 590 qna-

279 615 364 642 rum
386 604 506 651 prima
520 615 540 638 a
554 601 751 638 funffionc
767 601 962 645 interiore,
989 600 1105 636 altera
1119 597 1165 633 ab
1181 593 1363 633 exteriore
1389 596 1571 646 procedit.

333 668 369 706 7.
400 659 746 696 VEGETABILIA
780 651 982 692 assimilant
1015 653 1194 690 alimenta
1218 650 1280 688 sua
1308 648 1533 702 sunpliciter,
1571 650 1705 699 absque
1735 653 1886 690 excreti-

278 725 379 750 one:
418 713 560 749 etenim
594 712 741 760 gummi
771 713 807 747 &
835 711 1019 757 lacrymae
1050 708 1176 759 potius
1204 702 1473 752 exuberantiae,
1508 717 1621 754 quam
1656 708 1887 744 excretiones

280 768 390 805 sunt:
419 767 566 804 tuberes
594 775 720 802 autem
748 764 875 801 morbi
891 762 1035 815 potius;
1067 772 1102 798 at
1126 759 1346 798 animalium
1370 757 1567 798 substantia
1586 763 1705 810 magis
1722 761 1774 798 sui
1792 760 1888 798 simi-

279 824 324 859 lis
350 822 398 858 cst
423 821 657 871 perc'eptiva3
686 821 810 868 itaque
834 830 923 855 cum
946 816 1091 854 fastidio
1121 815 1321 861 conjuncta
1338 815 1397 862 est,
1427 818 1463 852 ὃ(
1487 815 1634 852 inutilia
1655 817 1786 863 rejicit,
1817 828 1885 853 uti-

276 878 327 914 lia
347 871 531 913 assimilat.

334 930 369 968 8.
400 931 586 967 MIRUM
612 927 662 965 est
694 928 742 965 de
774 927 955 978 pediculis
983 926 1200 965 fruetuums
1237 925 1341 972 quod
1371 936 1487 961 omne
1514 924 1750 971 alimentum,
1781 928 1885 975 quod„

276 995 402 1023 tantos
430 984 657 1032 quandoque
686 984 860 1033 producit
890 982 1042 1027 fruCtus,
1073 993 1137 1029 per
1161 991 1239 1016 tam
1268 980 1415 1029 angusta
1440 980 1578 1016 collula
1610 980 1763 1017 transire
1786 984 1887 1032 cogi-

278 1049 365 1081 tur3
394 1039 533 1077 studius
553 1040 657 1075 enim
681 1049 877 1086 nunquam
901 1047 1038 1073 trunco
1063 1036 1244 1080 inhaeret,
1274 1034 1410 1082 absque
1436 1035 1611 1083 pediculo
1633 1037 1772 1084 aliquo.

331 1105 371 1141 9.
401 1095 691 1132 NOTANDUM
721 1092 862 1129 semina
888 1092 1111 1129 animalium
1140 1089 1391 1126 nutritionem
1416 1101 1496 1125 non
1526 1092 1706 1141 excipere,
1737 1090 1802 1127 nili
1832 1104 1885 1129 re-

278 1150 402 1187 centia
417 1166 431 1192 ⁵
461 1159 497 1185 at
521 1147 661 1185 semina
680 1148 891 1197 plantarum
913 1156 1068 1183 manent
1088 1145 1358 1182 alimentabilia
1383 1144 1428 1180 ad
1455 1146 1615 1193 longum
1637 1156 1807 1197 tempus:
1835 1158 1886 1184 at-

278 1214 406 1242 tamen
426 1204 586 1253 virgulta
612 1215 693 1239 non
709 1203 936 1250 germinant,
965 1199 1032 1237 nisi
1062 1200 1238 1237 indantur
1266 1200 1431 1236 recentia
1447 1217 1460 1241 ‚-
1491 1212 1614 1247 neque
1635 1200 1772 1237 radices
1788 1202 1886 1251 ipsae

279 1260 430 1309 longius
444 1267 630 1308 vegetant,
660 1255 725 1294 nisi
744 1255 815 1294 fint
830 1267 929 1294 terra
946 1266 1171 1307 co-opertae.
1854 1298 1859 1303 Α

337 1324 399 1350 10.
430 1315 483 1351 IN
507 1310 727 1350 animalibus
741 1312 874 1362 gradus
892 1311 974 1349 sunt
991 1308 1214 1348 nutrimenti
1229 1322 1300 1359 pro
1319 1319 1437 1346 aetate
1453 1327 1467 1352 3
1498 1309 1617 1348 foetui
1631 1312 1670 1347 in
1687 1322 1798 1349 utero
1813 1311 1884 1349 suf-

277 1367 356 1407 ficit
378 1365 504 1406 succus
518 1378 707 1405 maternus
723 1385 737 1410 5
767 1379 787 1404 a
806 1368 999 1404 nativitate
1019 1367 1074 1402 lac
1090 1384 1103 1408 ,·
1135 1365 1257 1414 postea
1286 1363 1357 1401 cibi
1384 1367 1420 1401 ὃ(
1439 1375 1577 1414 porus3
1606 1376 1717 1414 atque
1748 1366 1815 1404 sub
1836 1367 1887 1405 se·

277 1423 429 1462 nectute
449 1419 649 1461 craffiores.
662 1423 740 1460 fere
754 1423 828 1459 cibi
850 1424 886 1459 ὅ(
901 1421 1101 1470 sapidiores
1115 1422 1274 1471 placent.
1600 1454 1603 1465 J

333 1474 582 1516 Mandatum.
614 1479 898 1515 PRAECIPUE
925 1477 1102 1513 omnium
1133 1475 1178 1512 ad
1208 1473 1489 1523 inquisitionem
1522 1475 1757 1524 praesentem
1785 1477 1893 1526 facit,

277 1530 481 1583 diligenter
497 1535 533 1570 ὅ(
548 1543 690 1570 attente
705 1532 881 1581 indagare
895 1549 909 1574 5
938 1541 1068 1568 utrum
1088 1542 1170 1567 non
1185 1526 1299 1580 poflit
1321 1529 1402 1566 fieri
1418 1532 1579 1567 nutritio
1602 1531 1647 1567 ab
1663 1542 1762 1569 extra
1777 1549 1792 1576 ς
1821 1544 1887 1572 aut

281 1588 411 1625 saltem
432 1600 513 1625 non
528 1599 593 1640 per
608 1590 672 1624 os?
705 1587 821 1624 Certe
837 1587 968 1623 balnea
984 1598 1026 1623 ex
1042 1586 1134 1622 laste
1149 1585 1372 1622 exhibentur
1388 1586 1429 1622 in
1444 1586 1635 1622 marasmis
1650 1588 1687 1623 ὅ(
1702 1588 1888 1625 emaciati-

282 1641 419 1680 onibus
428 1659 443 1685 ,ς
475 1655 597 1691 neque
618 1641 751 1679 desunt
771 1654 814 1679 ex
830 1642 998 1688 medicis,
1014 1642 1079 1689 qui
1096 1640 1301 1678 existimant
1317 1641 1644 1677 alimentationem
1661 1643 1890 1681 nonnullam

278 1696 360 1735 fieri
387 1696 488 1749 poffe
516 1709 582 1750 per
607 1697 789 1747 clysteria;
823 1697 988 1733 omnino
1013 1696 1099 1733 huic
1124 1697 1177 1732 rei
1192 1694 1489 1733 incumbendum
1505 1713 1519 1738 ,-
1550 1693 1575 1732 fi
1597 1695 1699 1733 enim
1722 1700 1887 1736 nutritio

278 1751 360 1789 fieri
375 1748 501 1804 possit,
531 1762 593 1789 aut
608 1764 674 1803 per
694 1762 805 1799 extra,
832 1762 896 1789 aut
911 1752 997 1788 ali-as
1020 1762 1135 1799 quam
1158 1762 1223 1799 per
1237 1749 1482 1797 stomachum,
1512 1760 1595 1787 tum
1611 1763 1701 1789 vero
1714 1752 1886 1791 debilitas

277 1807 549 1854 concoffionis,
578 1819 673 1855 quae
700 1807 843 1856 ingruit
872 1808 913 1843 in
941 1805 1100 1852 senibus,
1130 1806 1204 1842 illis
1229 1805 1371 1844 auxiliis
1393 1805 1626 1856 compensari
1649 1803 1776 1859 possit,
1805 1818 1885 1846 tan-

280 1873 394 1912 quam
413 1863 454 1900 in
476 1863 666 1912 integrum
682 1861 832 1900 restitui.

322 2043 935 2105 LoNGAEvrTAs
993 2046 1053 2104 ὃς
1096 2046 1523 2106 BREVITAS
1572 2048 1840 2104 VrTAE

818 2150 903 2188 IN
962 2132 1343 2190 HoMINE.

643 2323 835 2377 Htstoria.
890 2323 965 2365 Ad
980 2324 1113 2364 Artic.
1136 2336 1170 2376 5,
1183 2326 1220 2374 6,
1232 2336 1268 2375 7,
1282 2326 1318 2375 8,
1328 2338 1368 2375 9,
1385 2322 1433 2369 ἐφ’
1451 2337 1512 2362 11.

288 2441 321 2468 1.
461 2433 579 2470 NTE
608 2434 818 2483 Diluvium,
847 2437 953 2486 plura
979 2437 1193 2474 centenaria
1218 2448 1408 2474 annorum
1424 2435 1547 2474 vixisse
1570 2435 1745 2474 homines
1770 2437 1884 2476 refert

488 2487 585 2525 sacra
611 2487 810 2539 scriptura:
839 2503 957 2529 nemo
982 2500 1109 2528 tamen
1125 2501 1271 2540 patrum
1288 2489 1529 2528 millesimum
1547 2503 1690 2528 annum
1719 2493 1883 2542 comple-

281 2539 346 2578 vit.
403 2543 541 2590 Neque
563 2543 654 2580 haec
673 2546 770 2581 vitae
792 2545 1018 2583 diuturnitas
1043 2548 1181 2595 gratiae
1206 2556 1268 2583 aut
1294 2547 1415 2583 lineae
1443 2546 1596 2592 sanetae,
1626 2547 1779 2584 attribui
1802 2546 1885 2597 pos-

281 2592 350 2636 sit3
387 2608 475 2633 cum
504 2598 762 2636 recenseantur
795 2609 882 2637 ante
912 2602 1110 2647 diluvium,
1139 2610 1287 2650 patrum
1315 2603 1578 2650 generationes
1614 2601 1818 2642 undecim3
1847 2612 1885 2641 at

281 2648 451 2687 filiorum
471 2650 611 2688 Adami
639 2665 704 2702 per
735 2653 834 2691 Cain
864 2665 1013 2693 tantum
1041 2657 1303 2706 generationes
1334 2657 1449 2697 οίὶος
1486 2666 1527 2693 ut
1555 2657 1754 2705 progenies
1784 2657 1885 2695 Cain

281 2704 396 2742 etiam
410 2707 630 2755 longaevior
644 2708 762 2746 videri
777 2705 901 2758 poffit.
959 2710 1022 2747 Ista
1035 2723 1126 2749 vero
1141 2711 1382 2760 longaevitas,
1412 2712 1630 2748 immediate
1657 2711 1735 2759 post
1751 2711 1885 2749 diluvi-

282 2770 363 2807 um,
382 2759 545 2798 dimidio
560 2763 701 2799 corruit
718 2776 727 2804 3
758 2763 818 2800 sed
830 2765 869 2801 in
880 2764 1077 2813 postnatis3
1105 2777 1193 2803 nam
1210 2765 1326 2804 Noah
1340 2768 1405 2815 qui
1421 2777 1506 2803 ante
1521 2776 1627 2802 natus
1647 2776 1737 2812 erat,
1767 2767 1884 2811 majo-

280 2825 367 2851 tum
386 2825 545 2853 aetatem
565 2818 733 2864 aequavit
749 2831 759 2858 3
788 2820 825 2856 δε
841 2820 929 2856 Sem
949 2819 994 2855 ad
1015 2817 1318 2858 sexcentesimum
1338 2833 1482 2859 annum
1497 2821 1677 2872 pervenit.
1733 2821 1884 2858 Deinde

281 2868 363 2919 post
391 2879 464 2908 tres
491 2872 752 2920 generationes
778 2886 799 2909 a
827 2871 984 2919 diluvio,
1012 2876 1086 2912 vita
1109 2875 1314 2913 hominum
1341 2877 1386 2913 ad
1416 2885 1585 2924 quartam
1616 2872 1714 2924 quasi
1737 2886 1883 2926 partem

282 2924 410 2961 aetatis
430 2926 640 2975 primitivae
669 2926 817 2964 reducta
832 2927 905 2968 est3
935 2928 1121 2977 videlicet,
1151 2931 1196 2967 ad
1220 2942 1338 2967 annos
1353 2932 1499 2967 circiter
1514 2929 1708 2967 ducentos.

337 2988 371 3015 2.
389 2978 643 3018 ABRAHAM
668 2992 787 3018 annos
802 2992 955 3019 centum
971 2981 1202 3034 septuaginta
1217 2987 1384 3034 quinque
1398 2985 1488 3022 vixit
1508 2998 1518 3025 3
1546 2986 1603 3023 vir
1619 2986 1883 3033 magnanimus

280 3032 319 3071 ὃς
346 3034 407 3072 cui
435 3036 566 3076 cuncta
592 3035 774 3077 cedebant
808 3036 991 3088 prospere.
1048 3039 1144 3078 Isaac
1163 3050 1290 3079 autem
1318 3041 1363 3078 ad
1393 3051 1535 3077 annum
1571 3037 1816 3077 centesimum
1844 3043 1882 3078 &

1706 3094 1881 3136 octogesi-
