1973 3570
154 243 248 290 118

438 235 868 289 HISTORIA
922 229 1184 278 VITAE
1235 226 1336 274 ET
1403 228 1742 286 MORTIS.

339 351 378 387 9.
410 340 642 377 SPIRITUS
664 335 743 374 vini
763 335 872 373 fortis
900 335 940 371 in
963 343 1115 370 tantum
1138 329 1291 369 desiccat
1315 328 1425 367 instar
1448 330 1557 380 ignis,
1586 340 1627 368 ut
1651 331 1688 368 δε
1710 331 1888 370 albumen

288 396 352 434 ovi
379 392 584 431 immissum
601 390 838 436 candefaciat‚
868 391 904 426 ὅ(
919 400 1055 438 panem
1069 396 1221 424 torreat.

348 461 409 487 10.
439 450 695 486 PULVERES
724 442 904 482 desiccant
934 443 1043 480 instar
1076 440 1330 491 spongiarum,
1369 437 1536 489 sugendo
1551 438 1764 487 humidum,
1792 451 1834 479 ut
1848 440 1892 478 fit

289 504 331 542 in
350 505 502 555 pulvere
518 511 730 538 atramento
758 500 908 545 injecto,
937 498 1015 547 post
1044 496 1312 546 scriptionem:
1342 496 1455 531 etiam
1479 495 1597 541 levor,
1627 496 1664 532 ὃς
1690 497 1785 532 unio
1810 508 1891 534 cor-

288 560 391 609 poris
429 557 507 606 (qui
541 567 622 592 non
650 555 835 604 permittit
864 564 1044 603 vaporem
1073 549 1217 594 humidi
1251 549 1398 599 ingredi
1420 561 1499 600 iper
1536 550 1665 600 poros)
1705 562 1771 601 per
1799 552 1892 588 acci—

288 614 381 651 dens
410 609 576 657 desiccat,
604 611 690 659 quia
716 608 836 659 ipsum
864 609 937 645 aeri
967 608 1120 657 exponit
1135 623 1150 648 ‚-
1181 616 1222 643 ut
1249 605 1290 643 fit
1320 606 1360 640 in
1389 605 1562 653 gemmis,
1592 606 1630 641 ὅ(
1656 603 1824 653 speculis,
1852 607 1891 643 ὅ(

288 668 439 705 laminis
468 663 610 703 ensium
627 682 641 708 3
678 665 718 700 in
747 675 840 711 quae
864 661 889 699 fi
912 661 1035 712 spires,
1064 670 1267 698 cernuntur
1291 660 1353 696 illa
1375 660 1503 710 primo
1533 670 1670 708 vapore
1698 659 1859 697 obducta
1873 677 1891 703 ‚-

291 722 354 760 sed
387 722 500 773 paulo
535 718 615 768 post
647 717 829 756 evanescit
858 718 923 754 ille
955 728 1083 766 vapor,
1121 726 1162 754 ut
1188 715 1396 752 nubecula:
1436 724 1546 763 atque
1576 714 1623 750 dc
1647 711 1895 759 desiccatione

291 777 382 814 haec
400 772 571 822 inquisita
585 772 665 810 sint.

351 841 410 867 11.
443 830 716 866 GRANARIA
747 827 787 863 in
817 825 883 863 usu
912 824 996 862 sunt
1030 824 1156 870 hodie,
1195 824 1241 860 ad
1270 833 1391 872 partes
1420 823 1645 860 Germaniae
1674 824 1891 872 orlentales,

290 886 333 922 in
357 885 460 921 cellis
484 882 740 926 subterraneis,
770 882 810 916 in
840 880 973 928 quibus
1002 880 1172 916 triticum
1201 880 1238 915 ὅ(
1264 879 1334 914 alia
1361 890 1476 927 grana
1499 877 1781 925 conservantur,
1809 878 1891 916 sub-

289 939 400 977 strato
421 940 456 975 &
482 933 746 987 circumposito
770 934 937 982 undique
961 934 1147 980 stramine,
1183 932 1228 970 ad
1255 933 1482 970 nonnullam
1506 933 1757 979 altitudinem,
1786 932 1891 982 quod

291 993 558 1030 humiditatem
581 1000 759 1028 cavernae
789 999 908 1026 arceat
933 991 970 1026 δε
997 988 1172 1025 sorbeat:
1200 999 1273 1037 qua
1306 985 1480 1024 industria
1505 986 1694 1024 servantur
1721 999 1836 1036 grana
1857 1001 1892 1026 e-

289 1050 381 1085 tiam
408 1047 452 1084 ad
468 1043 693 1091 vicesimum,
723 1054 784 1082 aut
807 1042 1032 1080 tricesimum
1057 1054 1201 1079 annum
1217 1060 1231 1085 ‚-
1261 1054 1384 1090 neque
1407 1040 1596 1079 servantur
1621 1052 1769 1079 rantum
1786 1054 1806 1079 a
1827 1056 1893 1095 pu—

288 1102 448 1147 tredine,
478 1100 541 1137 sed
562 1099 679 1148 (quod
702 1100 747 1136 ad
776 1098 1008 1150 praesentem
1031 1095 1314 1146 inquisitionem
1330 1096 1520 1147 pertinet,)
1549 1095 1586 1132 in
1603 1098 1669 1133 tali
1694 1095 1892 1146 viriditate,

291 1167 333 1194 ut
351 1157 508 1207 panibus
532 1154 777 1191 conficiendis
799 1155 944 1202 optime
961 1149 1171 1193 sufficiant3
1198 1151 1374 1200 idemque
1394 1150 1500 1188 fuiss‘c
1520 1153 1561 1188 in
1581 1151 1661 1198 usu,
1689 1152 1731 1188 in
1749 1152 1892 1205 Cappa-

294 1212 405 1249 docia
425 1212 461 1247 &
475 1209 646 1257 Thracia,
675 1212 712 1246 3<
732 1210 929 1246 nonnullis
950 1209 1043 1245 locis
1058 1206 1269 1259 Hispaniae,
1300 1206 1530 1259 perhibetur.

313 1304 315 1306 ,
350 1277 365 1303 1
377 1277 411 1303 z.
442 1265 587 1302 GRAN
598 1276 622 1301 A
633 1275 659 1301 R
671 1276 733 1310 IA,
755 1265 794 1300 in
809 1261 958 1312 fastigiis
974 1262 1135 1309 aedium,
1152 1274 1239 1299 cum
1254 1261 1419 1299 fenestris
1434 1260 1479 1298 ad
1494 1259 1683 1298 orientem
1698 1263 1735 1299 ὅ(
1750 1261 1894 1314 septen·

292 1322 461 1358 trionem
475 1319 680 1356 commode
702 1319 966 1358 collocantur5
993 1318 1202 1366 quinetiam
1217 1315 1452 1354 constituunt
1478 1316 1631 1364 quidam
1647 1316 1725 1353 duo
1745 1316 1891 1364 solaria,

293 1374 456 1425 superius
478 1376 515 1411 ὅ(
535 1373 713 1414 inferius3
743 1372 906 1422 superius
926 1382 1053 1409 autem
1075 1370 1348 1409 foraminatum
1371 1370 1431 1418 est,
1461 1380 1501 1407 ut
1521 1382 1680 1420 granum
1710 1383 1775 1421 per
1794 1371 1893 1410 fora-

293 1442 396 1475 men,
426 1429 618 1476 (tanquam
644 1440 755 1466 arena
779 1429 817 1465 in
843 1425 1062 1476 clepsydra‚)
1087 1427 1271 1465 continue
1295 1424 1505 1472 descendat,
1542 1428 1580 1462 ὃ(
1606 1424 1764 1463 subinde
1787 1428 1894 1478 palis,

291 1483 374 1534 post
387 1484 531 1531 aliquot
551 1482 641 1529 dies,
670 1492 872 1534 reponatur
888 1499 902 1524 ‚-
933 1491 973 1518 ut
988 1492 1147 1530 granum
1164 1478 1204 1517 fit
1225 1481 1265 1517 in
1281 1482 1469 1518 continuo
1484 1490 1606 1517 motu.
1663 1481 1892 1521 Notandum

292 1549 420 1576 autem
440 1538 500 1584 est,
528 1538 641 1575 etiam
662 1536 877 1582 hujusmodi
897 1548 967 1581 res,
997 1548 1079 1572 non
1098 1545 1249 1572 tantum
1272 1535 1511 1586 putredinem
1540 1535 1731 1583 cohibere,
1759 1548 1893 1577 verum

294 1595 409 1630 etiam
441 1592 669 1630 viriditatem
695 1591 915 1629 conservare
943 1592 980 1627 &
1011 1588 1300 1628 desiccationem
1328 1589 1540 1631 retardare3
1582 1590 1684 1637 cujus
1712 1591 1816 1629 causa
1844 1592 1895 1630 est

293 1660 347 1694 ca,
377 1658 490 1696 quam
514 1648 628 1683 etiam
651 1645 819 1698 superius
845 1647 1059 1684 notavimus
1074 1663 1089 1688 ς
1127 1646 1230 1694 quod
1255 1645 1421 1683 evolatio
1448 1645 1620 1682 humoris
1649 1647 1768 1693 aquei,
1799 1659 1895 1695 quae

295 1712 405 1740 motu
433 1703 470 1739 ὅ(
496 1711 613 1739 vento
642 1702 875 1748 acceleratur,
903 1700 1107 1738 humorem
1130 1699 1303 1737 oleosum
1329 1702 1370 1736 in
1392 1699 1459 1737 suo
1486 1700 1555 1744 effe
1576 1698 1768 1738 conservat
1782 1718 1796 1743 ‚-
1826 1705 1892 1751 qui

299 1758 395 1797 aleas
413 1757 454 1793 in
474 1756 670 1793 consortio
690 1756 861 1795 humoris
880 1756 988 1804 aquei
1016 1754 1136 1792 fuiffet
1156 1766 1230 1792 una
1253 1755 1478 1793 evolatumS.
1533 1755 1657 1792 Etiam
1686 1755 1727 1791 in
1743 1756 1893 1803 quibus—

295 1812 382 1848 dam
403 1809 595 1848 montibus
615 1811 680 1848 ubi
694 1812 753 1848 ae'r
776 1810 824 1848 est
838 1822 963 1862 purus,
992 1809 1166 1849 cadavera
1181 1810 1226 1847 ad
1246 1810 1370 1860 plures
1391 1810 1471 1847 dies
1497 1820 1664 1857 manent,
1692 1821 1775 1847 non
1797 1814 1895 1858 mul,-

296 1876 380 1903 tum
394 1865 691 1909 deflorescentia,

353 1931 413 1970 13.
444 1921 679 1968 FRUCTUS,
707 1919 824 1958 veluti
845 1929 1008 1970 granata,
1038 1919 1155 1967 cirria,
1184 1920 1294 1968 mala,
1323 1932 1426 1972 pyra,
1456 1919 1748 1967 &hujusmodi3
1778 1923 1892 1960 etiam

295 1977 333 2012 ὃς
358 1975 479 2021 flores,
509 1986 549 2013 ut
575 1975 668 2022 rosa,
697 1976 833 2022 lilium,
863 1977 904 2012 in
931 1973 1017 2013 vasis
1046 1975 1217 2013 fictilibus
1241 1976 1336 2012 bene
1361 1977 1556 2022 obturatis,
1585 1976 1725 2013 diutius
1750 1974 1891 2016 servm-

294 2040 355 2066 tur
370 2047 384 2071 ,-
414 2041 536 2077 neque
563 2041 690 2067 tamen
719 2042 800 2067 non
830 2026 949 2067 officit
974 2032 1034 2067 aiii·
1062 2031 1230 2068 ambiens
1256 2031 1302 2067 ab
1325 2031 1485 2077 extimis,
1513 2031 1578 2078 qui
1602 2031 1714 2067 etiam
1737 2042 1802 2081 per
1831 2044 1893 2070 vas

294 2085 574 2132 inaequalitates
589 2084 666 2122 suas
680 2084 800 2122 defert
817 2087 852 2122 δι
872 2082 1030 2122 insinuat
1044 2098 1055 2126 3
1084 2095 1126 2123 ut
1155 2087 1195 2122 in
1211 2086 1334 2122 caiore
1357 2088 1393 2123 ὅ(
1409 2085 1550 2134 frigore
1564 2084 1800 2123 manifestum
1816 2085 1866 2124 est
1881 2102 1891 2126 ε

295 2140 420 2186 itaque
445 2136 470 2174 si
504 2137 540 2176 δὲ
567 2138 647 2177 vasa
672 2138 868 2188 diligenter
897 2139 1134 2187 obturentur,
1163 2150 1273 2188 atque
1295 2141 1468 2177 obturata
1488 2139 1554 2177 sub
1575 2150 1715 2177 terram
1743 2140 1892 2192 insuper

295 2193 519 2239 condantur,
548 2195 739 2242 optimum
759 2196 829 2231 erit
845 2212 860 2236 5
889 2206 1012 2242 neque
1035 2196 1160 2232 minus
1185 2197 1276 2232 urile
1299 2195 1359 2241 est,
1387 2193 1413 2232 fi
1436 2207 1516 2232 non
1531 2193 1596 2232 sub
1611 2205 1719 2241 terra,
1749 2195 1810 2234 sed
1827 2197 1892 2235 sub

296 2249 400 2296 aquis
428 2248 654 2294 condantur,
681 2248 802 2285 modo
835 2246 905 2286 sint
927 2248 1134 2296 umbrosae,
1164 2259 1205 2287 ut
1228 2251 1388 2299 putei&
1409 2249 1580 2287 cisternae
1610 2250 1650 2286 in
1677 2249 1855 2290 domibus
1875 2270 1891 2295 ,-

297 2301 357 2339 sed
383 2314 475 2350 quae
499 2301 564 2339 sub
587 2303 689 2352 aquis
709 2302 937 2350 conduntur,
965 2304 1100 2341 melius
1125 2315 1361 2355 reponuntur
1386 2306 1426 2342 in
1447 2301 1533 2343 Vasls
1555 2305 1682 2342 vitreis
1709 2317 1824 2354 quam
1850 2308 1892 2345 in

297 2356 518 2393 fiffibilibus.
1882 2374 1884 2377 v

357 2421 416 2458 14.
449 2410 814 2450 GENERALITER
847 2425 941 2461 quae
973 2411 1041 2450 sub
1070 2423 1170 2450 terra
1198 2415 1234 2450 ὃ(
1262 2414 1302 2450 in
1337 2414 1439 2450 cellis
1465 2413 1721 2462 subterraneis,
1760 2426 1823 2453 aut
1849 2417 1891 2453 in

299 2464 492 2515 profundo
515 2477 694 2513 aquarum
717 2478 963 2516 reponuntur,
992 2469 1158 2506 virorem
1189 2467 1297 2505 suum
1319 2468 1455 2506 diutius
1477 2478 1643 2516 tuentur,
1670 2481 1783 2518 quam
1797 2482 1892 2519 quae

299 2518 406 2570 supra
419 2529 568 2556 terram.

359 2583 372 2609 1
385 2584 418 2622 5.
446 2575 694 2611 TRADUNT
724 2575 762 2612 in
780 2575 1063 2615 conservatoriis
1078 2577 1223 2615 nivium
1242 2574 1325 2623 (sive
1345 2575 1413 2614 fint
1433 2579 1472 2614 in
1493 2579 1688 2617 montibus
1716 2580 1757 2617 in
1772 2579 1892 2619 foveis

298 2628 539 2675 naturalibus,
566 2627 635 2666 five
657 2642 721 2679 per
749 2641 868 2667 artem
888 2632 928 2667 in
947 2633 1068 2682 puteis
1095 2632 1140 2669 ad
1164 2631 1237 2668 hoc
1259 2631 1375 2680 saetis)
1392 2632 1629 2671 observatum
1643 2633 1760 2682 fuiffe,
1788 2637 1893 2684 quod

297 2682 500 2731 aliquando
520 2684 674 2730 malum,
703 2694 765 2722 aut
786 2685 957 2732 castanea,
986 2697 1048 2724 aut
1062 2699 1149 2733 nux,
1177 2696 1239 2723 aut
1253 2684 1371 2724 fimile
1386 2688 1578 2739 quippiam
1593 2688 1780 2736 inciderit,
1796 2701 1891 2738 quae

299 2735 380 2789 post
393 2738 514 2787 plures
530 2737 672 2774 menses
688 2739 882 2788 liquefacta
898 2740 996 2787 nive,
1025 2752 1086 2779 aut
1102 2742 1215 2779 etiam
1230 2741 1327 2778 intra
1341 2742 1469 2780 nivem
1483 2741 1611 2793 ipsam,
1639 2743 1792 2782 inventa
1806 2744 1891 2784 sunt

300 2787 464 2829 recentia
481 2794 517 2828 ὅ(
536 2791 700 2843 pulchra,
728 2806 769 2830 ac
785 2791 809 2831 fi
824 2794 944 2845 pridie
964 2795 1077 2833 effent
1091 2796 1273 2845 decerpta.

356 2847 418 2883 16.
447 2844 584 2885 UVAE
607 2847 702 2898 apud
731 2848 881 2886 rusticos
909 2847 1097 2888 servantur
1125 2852 1166 2888 in
1187 2852 1342 2888 racemis
1369 2851 1557 2901 coopertis
1579 2851 1677 2889 intra
1703 2851 1890 2896 farinam3

298 2901 403 2948 quod
426 2901 513 2938 licet
536 2898 653 2951 gustui
687 2913 744 2940 cas
768 2904 895 2940 reddat
918 2904 1043 2941 minus
1066 2916 1196 2955 gratas,
1225 2915 1351 2943 tamen
1374 2905 1575 2943 humorem
1603 2908 1639 2943 δε
1662 2908 1892 2946 viriditatem

296 2955 511 2997 conservam
541 2958 654 2993 etiam
669 2967 802 2994 omncs
816 2958 953 2995 fructus
968 2958 1148 3008 duriores,
1175 2972 1256 3011 non
1271 2969 1419 2998 tantum
1438 2962 1477 2997 in
1493 2960 1621 3006 farina,
1649 2959 1765 2999 sedin
1779 2961 1890 3000 scobe

301 3009 509 3060 lignorum,
537 3012 650 3050 etiam
664 3012 761 3049 inter
776 3023 924 3057 acervos
938 3024 1144 3064 granorum
1163 3017 1401 3066 integrorum
1423 3015 1488 3054 diu
1511 3014 1712 3055 servantur.

1664 3134 1726 3175 17.
1754 3126 1892 3164 Iuva-
