1973 3570
71 163 182 229 ,384

467 158 579 210 DE
623 158 1140 209 SAPIENTLA
1189 155 1650 207 VETERUM,

693 330 776 375 31.
813 315 1057 371 SmENEs,
1082 311 1183 377 five
1206 310 1434 379 Voluptas.

318 428 516 468 FABULA
538 428 584 464 de
605 423 803 465 Sirenibus
825 427 871 464 ad
885 425 1106 477 perniciosas
1131 425 1321 463 illecebras
1334 423 1536 475 voluptatis
1551 423 1659 470 κᾶε,
1691 423 1753 461 sed
1770 417 1876 461 sensu·

264 478 520 533 vulgatissimo
535 481 764 520 transfertur.
820 480 944 520 Nobis
959 492 1086 518 autem
1101 481 1258 528 videtur,
1280 481 1468 532 Sapientia
1482 479 1679 525 Veterum,-
1694 488 1876 525 tanquam

264 539 482 577 uvaemale
511 538 689 578 calcatae;
716 549 759 574 ex
783 536 915 587 quibus
943 537 1029 573 licet
1058 534 1234 573 nonnihil
1261 533 1494 584 exprimitur,
1529 541 1654 569 tamen
1686 529 1876 582 potiffima

263 604 431 645 quaeque
446 589 603 629 resident
619 592 655 628 ὅ(
670 591 1030 641 praetermittuntur.
1089 588 1244 629 Sirenes
1251 587 1419 627 Acheloi
1429 591 1465 625 ὅ(
1479 583 1749 638 Terpsichores,
1761 588 1878 624 'unius

265 661 310 686 ex
338 643 472 697 Iilu'sts,
500 646 596 684 filiae
621 646 726 683 fuisse
746 657 970 686 narrantur-3
1000 657 1062 682 eae
1092 644 1221 696 primis
1249 642 1483 696 temporibus
1510 643 1626 679 alatae
1655 652 1784 679 erant:
1813 641 1876 679 sed

271 701 369 740 inito
396 712 539 739 temere
565 713 654 738 cum
678 697 802 749 Ildufis
829 699 1031 737 certamine
1052 700 1182 746 vietae,
1210 701 1277 737 alis
1297 699 1496 736 mulCtatae
1512 696 1607 739 sunt,
1663 697 1716 733 Ex
1744 697 1879 746 pennis

267 768 398 795 autem
412 754 553 801 evulfis,
569 751 708 805 Illufize
722 767 883 791 coronas
905 753 971 791 fibi
994 754 1186 791 fecerunt:
1216 754 1311 791 adeo
1339 764 1380 790 ut
1407 753 1452 789 ab
1477 763 1525 789 eo
1549 761 1722 803 tempore
1738 747 1879 803 Musae

267 824 357 849 cum
384 810 564 859 capitibus
579 810 681 846 alatis
701 809 958 860 procederent,
987 817 1131 858 praeter
1158 820 1273 845 unam
1289 806 1467 848 Sirenum
1482 816 1667 843 matrem:
1696 817 1804 843 mora
1818 818 1881 843 au-

268 877 350 904 tem
366 861 541 902 Sirenum
556 874 632 901 erat
646 861 686 900 in
713 862 841 900 insulis
856 862 1076 915 quibusdam
1101 861 1291 899 amoenis:
1317 861 1401 899 illae
1428 873 1521 899 vero
1542 873 1562 897 e
1594 859 1739 912 specula
1769 872 1881 898 naves

268 921 513 958 adventantes
533 930 622 956 cum
653 917 925 970 conspicerent,
954 926 1068 954 cantu
1094 916 1308 967 navigantes
1331 918 1458 967 primo
1487 914 1716 962 detinebant,
1744 915 1880 953 deinde

269 972 495 1020 alliciebant,
522 982 692 1024 exceptos
729 983 858 1011 autem
893 973 1087 1010 necabant.
1146 973 1285 1021 Neque
1307 970 1457 1023 simplex
1492 980 1567 1007 erat
1591 971 1789 1017 cantilena,
1817 969 1880 1007 sed

271 1027 437 1078 singulos
469 1026 593 1065 modis
619 1026 781 1065 maxime
814 1038 966 1066 naturae
995 1038 1130 1064 eorum
1154 1025 1464 1065 convenientibus
1496 1025 1702 1077 captabant.
1759 1026 1882 1062 Tanta

271 1095 399 1121 autem
427 1081 531 1135 pestis
559 1093 647 1129 crat,
676 1093 717 1120 ut
744 1081 885 1120 insulae
910 1080 1088 1120 Sirenum
1115 1081 1227 1119 etiam
1247 1084 1364 1132 longe
1391 1080 1625 1118 intuentibus
1646 1080 1812 1117 alberent
1837 1091 1881 1117 ex

273 1134 417 1175 offibus
439 1137 659 1175 cadaverum
679 1135 978 1174 inhumatorum.
1035 1134 1133 1173 Huic
1159 1137 1263 1174 malo
1291 1134 1502 1173 remedium
1530 1144 1718 1186 repertum
1745 1134 1795 1172 est
1821 1145 1882 1184 ge-

276 1205 365 1232 nere
380 1194 417 1229 &
446 1192 566 1229 modo
580 1192 738 1241 duplex;
765 1193 922 1230 alterum
943 1192 988 1228 ab
1005 1187 1144 1242 Uiyffe,
1165 1192 1324 1229 alterum
1350 1191 1396 1228 ab
1408 1187 1580 1241 Orpheo:
1610 1186 1759 1240 Uiyffi’s
1773 1189 1884 1226 sociis

277 1248 446 1285 omnino
461 1258 563 1284 aures
582 1258 665 1284 cera
685 1247 850 1284 obturari
866 1243 965 1293 jussit
980 1263 995 1289 ,-
1024 1245 1110 1297 ipse,
1139 1258 1228 1283 cum
1248 1244 1546 1297 experimentum
1557 1244 1610 1280 rei
1624 1244 1742 1281 facere
1757 1245 1882 1290 vellet,

277 1302 491 1353 periculum
506 1311 631 1338 autem
645 1301 842 1351 depellere,
872 1301 908 1339 se
934 1301 980 1339 ad
995 1301 1138 1337 malum
1164 1302 1266 1338 navis
1281 1299 1424 1350 alligari
1440 1299 1574 1345 voluit,
1605 1299 1882 1344 interminatus,

279 1358 421 1405 nequis
436 1368 536 1402 eum,
564 1354 649 1393 licet
666 1367 814 1405 rogatus
829 1356 985 1394 solveret
996 1373 1010 1398 ‚-
1034 1353 1213 1406 Orpheus
1226 1367 1327 1400 vero,
1350 1350 1468 1391 missis
1483 1352 1697 1398 hujusmodi
1711 1354 1882 1399 vinculis,

279 1413 378 1448 clara
387 1423 480 1448 voce
499 1410 660 1448 deorum
688 1411 812 1449 laudes
827 1421 978 1448 cantans
1000 1409 1046 1447 ad
1059 1410 1193 1459 lyram,
1221 1421 1331 1448 voces
1347 1406 1522 1447 Sirenum
1543 1407 1696 1455 retudit,
1725 1410 1762 1445 ὃ(
1783 1418 1885 1447 extra

279 1477 400 1504 omne
417 1465 629 1516 periculum
642 1463 725 1502 fuit.

335 1522 362 1558 F
370 1531 531 1557 ABULA
550 1519 597 1556 ad
611 1531 738 1558 mores
753 1519 924 1570 pertinet,
952 1529 1063 1568 atque
1079 1518 1238 1557 minime
1259 1517 1413 1557 obscura
1436 1518 1532 1565 sane,
1560 1529 1630 1554 nec
1657 1527 1786 1555 tamen
1810 1516 1887 1555 ine—

279 1576 408 1624 legans
433 1574 608 1625 parabola
633 1574 791 1613 videtur.
847 1576 1071 1624 Voluptates
1094 1586 1136 1612 ex
1164 1576 1273 1626 copia
1305 1586 1429 1611 rerum
1456 1586 1499 1610 ac
1518 1569 1731 1614 affluentem
1769 1578 1882 1624 atque

282 1642 328 1667 cx
355 1627 539 1667 hilaritate
568 1627 639 1667 five
667 1630 896 1668 exultatione
927 1629 1043 1667 animi
1078 1628 1323 1681 proveniunt:
1365 1630 1452 1666 illae
1472 1626 1566 1665 olim
1586 1625 1716 1677 primis
1743 1625 1822 1678 ipsis
1845 1627 1887 1665 il·

280 1682 435 1721 lecebris
450 1682 585 1730 subito,
617 1686 655 1721 ὃ(
676 1694 857 1733 tanquam
878 1686 1005 1731 alatae,
1036 1684 1212 1722 mortales
1235 1696 1358 1733 rapere
1384 1683 1563 1720 solebant.
1619 1683 1801 1720 Docirina
1825 1694 1886 1720 au-

283 1748 364 1776 tem
387 1741 424 1776 &
452 1738 615 1776 eruditio
642 1738 717 1776 hoc
750 1739 878 1777 saltem
900 1739 1038 1789 effecit,
1080 1749 1120 1777 ut
1139 1738 1285 1776 animus
1315 1739 1500 1776 humanus
1527 1737 1563 1774 se
1591 1737 1770 1774 nonnihil
1784 1738 1887 1776 cohi·

281 1793 380 1841 beat,
423 1795 461 1831 ὃ(
488 1794 630 1831 exitum
659 1796 711 1831 rei
745 1795 868 1832 secum
906 1795 1142 1844 perpendat3
1179 1793 1301 1842 itaque
1335 1794 1408 1830 alas
1441 1791 1692 1842 voluptatibus
1719 1792 1886 1830 detraxit.

283 1850 370 1886 Hoc
389 1859 515 1886 autem
530 1850 571 1886 in
598 1847 801 1900 Musarum
815 1850 925 1886 decus
945 1852 981 1886 ὅ(
1010 1849 1197 1886 honorem
1218 1847 1406 1898 egregium
1421 1844 1538 1894 cessit‚
1567 1847 1758 1899 postquam
1783 1848 1888 1885 enirn

284 1902 561 1955 philosophiam
577 1914 843 1954 contemptum
871 1906 1109 1954 voluptatum
1132 1904 1309 1941 inducere
1337 1902 1436 1955 poss'e
1464 1903 1745 1940 nonnullorum
1767 1914 1888 1940 exem·

285 1959 354 2007 plo
381 1957 518 2009 patuit3
546 1957 666 1995 statim
685 1971 742 1996 res
769 1958 935 1996 sublImis
952 1958 1024 1997 visa
1052 1957 1113 2005 est,
1150 1970 1244 2007 quae
1271 1957 1435 1996 animam
1462 1958 1578 1995 veluti
1601 1956 1722 1994 humo
1739 1953 1889 1995 affixam

285 2013 436 2050 attollat
457 2013 649 2059 &evehat,
679 2016 715 2050 ὅ(
742 2013 945 2051 hominum
971 2012 1218 2064 cogitationes
1243 2011 1354 2062 (quae
1381 2014 1423 2050 in
1450 2014 1569 2064 capite
1585 2012 1726 2061 vigent)
1753 2023 1890 2063 penna-

285 2078 342 2104 tas
370 2069 407 2104 &
432 2068 552 2106 veluti
579 2067 766 2105 aethereas
801 2067 920 2105 faciat.
976 2070 1064 2106 Sola
1098 2066 1274 2106 Sirenum
1302 2078 1420 2105 mater
1437 2064 1617 2120 pedestris²
1647 2069 1684 2103 &
1717 2063 1791 2104 stne
1823 2066 1890 2104 alis

285 2120 447 2163 manfit3
475 2134 517 2159 ca
536 2123 789 2172 proculdubio
808 2123 863 2160 nil
883 2123 986 2161 aliud
1008 2122 1069 2171 est,
1098 2135 1212 2172 quam
1232 2122 1421 2160 doctrinae
1449 2124 1543 2160 leves
1576 2123 1612 2158 &
1646 2121 1692 2158 ad
1720 2121 1890 2167 jucundi-

287 2187 406 2214 tatem
433 2178 608 2216 inventae
638 2179 675 2214 &
693 2177 875 2216 adhibitae
890 2194 902 2222 3
929 2180 1055 2229 quales
1077 2178 1252 2216 videntur
1272 2176 1461 2216 Petronio
1477 2175 1529 2214 illi
1549 2177 1589 2214 in
1616 2176 1742 2227 pretio
1772 2174 1889 2223 fuiffe,

289 2233 355 2280 qui
392 2231 586 2283 postquam
625 2231 847 2270 sententiam
881 2234 1015 2270 mortis
1041 2233 1242 2283 accepisset,
1271 2234 1313 2270 in
1346 2230 1427 2284 ipfis
1454 2229 1550 2268 atriis
1578 2230 1711 2268 mortis
1741 2229 1889 2269 delicias

288 2286 473 2334 quaesivit,
502 2299 663 2336 cumque
678 2289 793 2325 etiam
815 2287 935 2325 literas
957 2286 998 2325 in
1017 2287 1193 2326 solatium
1220 2286 1394 2325 adhibere
1411 2288 1536 2333 vellet,
1566 2284 1620 2323 nil
1652 2284 1787 2335 (inquit
1815 2280 1888 2323 Ta-

288 2339 410 2390 citus)
439 2342 530 2391 legit
546 2352 692 2389 eorum,
720 2354 814 2392 quae
839 2343 885 2380 ad
905 2342 1150 2380 constantiam
1174 2342 1328 2390 faciunt,
1357 2341 1418 2379 sed
1437 2342 1535 2381 leves
1549 2339 1684 2380 versus.
1739 2341 1794 2379 Ex
1813 2339 1889 2378 hoc

290 2406 424 2444 genere
439 2397 488 2434 est
504 2395 618 2435 illud:
647 2395 776 2435 Catul.
795 2394 909 2450 Eleg.
920 2398 969 2436 V.

456 2465 662 2512 lavamus,
692 2477 776 2503 mea
792 2463 950 2514 Lesbia,
977 2472 1097 2518 atque
1113 2477 1294 2514 amemus,

456 2518 715 2573 Rumoresque
721 2518 859 2572 finum
863 2519 1107 2573 severiorum

455 2573 601 2613 Omnes
614 2575 729 2614 unius
747 2574 984 2627 aestimemus
997 2571 1098 2624 affis.

457 2745 567 2796 Jura
581 2746 695 2787 Senes
709 2749 853 2799 norint,
883 2746 932 2794 <VJ
946 2747 1044 2805 quid
1046 2747 1104 2801 fit
1112 2747 1259 2804 fasque
1272 2746 1456 2804 nefasque

458 2799 669 2854 Inquirant
687 2802 830 2855 tristes,
863 2803 1061 2860 legumque
1077 2807 1259 2844 examina
1265 2805 1446 2858 servent.

293 2889 521 2953 Huiusmodi
538 2892 641 2932 enim
655 2896 857 2946 doctrinae,
884 2901 957 2937 alas
984 2899 1173 2937 musarum
1196 2899 1351 2937 coronis
1371 2898 1493 2935 rursus
1506 2895 1714 2945 detrahere,
1739 2899 1778 2935 &
1794 2896 1893 2937 Sire-

292 2945 406 3008 nzbus
421 2948 604 2986 restituere
619 2951 714 2988 velle
733 2953 918 2992 videntur.
974 2953 1147 2991 Habitare
1162 2964 1289 2992 autem
1304 2952 1547 3003 perhibentur
1567 2949 1721 2990 Sirenes
1736 2951 1774 2990 in
1796 2951 1894 2993 insu-

294 3002 349 3049 lis,
378 3002 463 3052 quia
491 3005 697 3053 voluptates
723 3004 802 3043 fere
823 3007 974 3046 secessus
1000 3019 1197 3057 quaerunt,
1225 3019 1336 3060 atque
1350 3005 1552 3044 hominum
1567 3017 1697 3044 coetus
1713 3007 1816 3057 saepe
1843 3009 1894 3045 vi-

294 3066 399 3097 tant:
428 3055 604 3099 Sirenum
631 3067 761 3099 autem
786 3071 916 3102 cantus
942 3064 1121 3115 omnibus
1143 3060 1358 3102 decantatus
1385 3061 1447 3111 est,
1483 3060 1633 3112 ejusque
1660 3060 1839 3121 pernicies
1858 3065 1896 3100 δε

1785 3115 1894 3155 artifi-
